1979 3326
784 297 1088 339 -183-

183 433 208 462 a
241 421 348 460 nullo
382 420 582 459 dubitetur
615 425 702 469 post
738 422 913 460 inventos
947 421 1082 460 titulos
1117 420 1220 459 haud
1253 432 1415 469 paucos,
1454 422 1591 471 quibus
1627 422 1691 461 de-

185 487 421 524 monstratur
447 495 519 532 per
545 484 685 522 multos
713 487 802 532 post
831 484 1000 532 Philippi
1029 483 1175 522 cladem
1205 496 1325 522 annos
1367 486 1532 523 insulam
1560 497 1583 523 a
1612 488 1690 524 suis

184 547 473 596 magistratibus
508 546 813 586 administratam
844 556 1117 589 (commemoro
1145 551 1294 585 tantum
1323 549 1493 585 rationes
1525 549 1690 586 Demare

184 622 221 650 a.
252 615 343 657 180,
377 609 516 648 deinde
553 610 750 658 Amphicle
779 621 812 648 a.
846 615 917 648 170
946 609 1195 648 archontibus
1226 611 1427 656 scriptas),
1471 612 1605 649 inutile
1643 622 1688 649 ac

180 684 304 722 paene
331 673 535 712 ridiculum
564 677 622 711 est
650 673 697 711 de
726 673 799 712 hac
825 684 866 711 re
894 674 1095 711 notissima
1124 672 1350 711 disser‘endo
1378 678 1529 721 tempus
1558 679 1683 712 terere

181 740 297 785 atque
325 737 419 775 satis
447 736 590 784 habeo,
625 736 810 785 Polybius
839 747 938 784 quae
974 735 1134 774 tradidit
1169 737 1392 781 memoriae,
1428 736 1597 775 breviter
1626 748 1691 775 ex-

179 810 336 847 ponere.

282 862 412 911 Atque
446 874 523 901 uno
558 863 642 901 loco
676 862 741 900 ille
777 862 871 900 dicit
898 862 1155 900 Athenienses
1191 861 1383 909 legatione
1420 867 1509 909 post
1538 863 1687 901 Persen

180 928 335 973 captum
362 925 524 964 Romam
551 925 669 963 missa
704 928 754 970 (a.
780 927 848 962 167
878 936 911 963 a.
936 924 1024 962 Chr.
1054 929 1108 967 n.)
1146 926 1395 972 impetrasse,
1435 930 1478 963 ut
1507 926 1579 964 sibi
1614 938 1691 964 una

180 999 265 1026 cum
293 988 573 1027 Haliartiorum
601 1000 694 1036 agro
721 988 889 1026 Lemnus
919 999 1071 1036 quoque
1101 991 1137 1025 et
1160 987 1281 1025 Delus
1311 988 1461 1025 insulae
1491 988 1687 1035 darentur,

179 1050 351 1089 adiciens
394 1062 459 1089 eos
495 1063 515 1089 e
547 1051 754 1098 proverbio
803 1051 958 1099 »lupum
993 1051 1152 1089 auribus
1187 1051 1374 1098 cepisse«,
1415 1062 1499 1089 cum
1534 1064 1690 1100 magnas

179 1113 255 1152 sibi
282 1116 573 1161 comparassent
601 1123 686 1151 cum
707 1113 830 1151 Deliis
860 1112 1129 1159 difficultates;
1158 1113 1280 1150 altero
1309 1112 1525 1160 fragmento
1550 1115 1691 1162 legitur

177 1175 336 1214 uberius
366 1177 583 1224 expositum
612 1176 746 1214 Delios
775 1188 798 1214 a
822 1176 1007 1214 Romanis
1036 1177 1161 1214 iussos
1191 1175 1316 1213 insula
1345 1175 1482 1213 cedere
1513 1177 1689 1214 omnibus

177 1238 297 1277 rebus
325 1239 404 1277 suis
433 1238 649 1287 deportatis
678 1239 899 1277 consedisse
927 1240 967 1276 in
996 1239 1145 1276 Achaia
1179 1243 1295 1286 atque
1331 1239 1438 1284 inde,
1475 1240 1514 1276 in
1549 1240 1686 1277 civium

177 1312 377 1340 numerum
405 1312 492 1339 cum
520 1299 650 1340 essent
678 1303 843 1350 recepti,
875 1302 923 1340 ab
952 1301 1252 1340 Atheniensibus
1281 1302 1485 1348 petivisse,
1516 1307 1574 1348 ut,
1612 1303 1687 1340 illis

179 1375 279 1412 quae
313 1368 444 1403 essent
477 1375 561 1402 cum
599 1364 764 1402 Achaeis
799 1369 913 1412 pacta
949 1363 1176 1413 (σύμβολα),
1218 1364 1267 1402 ad
1304 1376 1343 1402 se
1382 1376 1533 1411 quoque
1571 1366 1689 1412 perti-

177 1430 331 1474 nerent;
367 1426 625 1466 Athenienses
654 1430 781 1465 autem
810 1437 895 1463 cum
923 1437 970 1463 ne
1005 1426 1078 1464 hoc
1113 1425 1267 1474 quidem
1304 1426 1350 1463 iis
1387 1427 1680 1472 concessissent,

177 1489 326 1538 legatos
361 1489 409 1528 de
445 1489 518 1528 hac
552 1501 595 1528 re
638 1500 722 1527 esse
766 1488 815 1527 ab
857 1489 1032 1537 utrisque
1070 1489 1230 1527 Romam
1273 1490 1408 1527 missos
1444 1489 1687 1537 Achaeisque

178 1551 378 1591 Deliorum
406 1563 562 1591 causam
590 1563 662 1600 pro
690 1563 761 1590 sua
789 1551 991 1599 agentibus
1021 1555 1194 1590 senatum
1231 1551 1467 1598 decrevisse,
1504 1564 1602 1600 quae
1640 1553 1687 1591 ab

177 1614 344 1653 Achaeis
372 1615 583 1654 secuudum
610 1616 714 1664 leges
743 1614 790 1653 de
813 1614 934 1652 Deliis
963 1618 1238 1660 statuerentur,
1267 1620 1309 1652 ut
1330 1620 1458 1652 essent
1479 1621 1575 1653 rata.
1630 1616 1688 1653 Ita

177 1677 378 1716 Deliorum
412 1678 580 1726 populus
616 1689 701 1716 cum
736 1677 902 1716 Achaeis
939 1678 978 1715 in
1012 1688 1129 1714 unum
1165 1676 1345 1715 confusus
1382 1679 1541 1716 interiit.
1609 1678 1684 1716 Sed

176 1751 254 1778 non
281 1751 413 1779 omnes
443 1740 579 1779 Delios
607 1741 734 1779 insula
760 1741 890 1789 patria
918 1752 1002 1778 esse
1039 1740 1219 1788 expulsos
1256 1741 1315 1777 vel
1352 1740 1457 1778 brevi
1492 1747 1578 1788 post
1617 1742 1686 1779 ali-

175 1806 271 1851 quot
298 1814 430 1842 eorum
462 1803 625 1842 rediisse
654 1807 807 1842 constat
835 1815 911 1841 non
940 1803 1061 1841 solum
1091 1815 1110 1841 e
1140 1802 1268 1851 lapide
1305 1803 1530 1850 sepulcrali,
1569 1815 1682 1851 quem

174 1865 252 1903 iam
278 1864 473 1913 Lebegius
503 1867 686 1914 attulit‚⁵)
715 1867 781 1904 ubi
810 1866 1010 1905 Deliorum
1039 1866 1201 1904 duorum
1230 1867 1382 1904 nomina
1413 1872 1577 1911 exstant,
1617 1867 1685 1904 sed

175 1928 292 1967 etiam
320 1939 341 1966 e
368 1929 483 1968 titulo
513 1931 728 1978 argumenti
755 1930 895 1968 incerti
924 1941 947 1968 a
974 1929 1185 1967 Reinachio
1221 1940 1344 1976 nuper
1379 1928 1544 1969 edit0:⁶›
1581 1934 1686 1967 cata-

174 1991 287 2038 logus
315 1995 375 2030 est
404 1991 581 2040 quidam,
620 1993 670 2031 ab
698 1994 801 2032 omni
828 1998 940 2041 parte
968 1994 1144 2039 mutilus,
1173 1993 1238 2031 ubi
1267 1993 1369 2030 inter
1397 1993 1515 2030 multa
1545 1993 1684 2031 Roma-

173 2063 310 2091 norum
343 2056 461 2102 atque
497 2054 793 2093 Atheniensium
828 2056 982 2093 nomina
1016 2055 1165 2093 duabus
1201 2055 1387 2093 columnis
1422 2055 1683 2103 perscriptas)

173 2114 318 2152 mentio
345 2113 388 2152 fit
416 2114 579 2153 duorum
609 2116 699 2154 item
729 2116 940 2155 Deliorum.

279 2175 420 2216 Solane
457 2189 549 2226 erga
584 2178 842 2218 Athenienses
877 2179 1146 2218 benevolentia
1183 2186 1339 2218 senatus
1375 2191 1555 2218 romanus
1599 2193 1686 2228 per-

175 2242 301 2278 motus
328 2239 510 2288 precibus
539 2252 673 2280 eorum
701 2241 908 2280 obsecutus
943 2244 1010 2290 sit,
1047 2254 1095 2281 an
1131 2243 1231 2281 aliae
1268 2255 1420 2291 quoque
1459 2254 1599 2281 causae
1635 2265 1683 2270 —

174 2300 341 2341 fortasse
377 2303 490 2341 nimis
524 2305 733 2352 perspicua
770 2305 967 2343 Deliorum
1006 2307 1044 2343 in
1082 2305 1226 2344 Persen
1263 2318 1391 2354 regem
1425 2308 1593 2344 amicitia
1635 2329 1683 2334 —

174 2366 430 2413 accesserint,
466 2376 535 2404 cur
561 2367 702 2406 Delum
732 2368 1034 2406 Atheniensibus
1062 2368 1216 2407 tradere
1250 2369 1439 2417 placeret,
1480 2368 1683 2407 diiudicari

263 2518 295 2560 ⁵)
320 2517 358 2554 C.
371 2517 399 2553 1.
414 2517 456 2553 G.
483 2518 643 2554 2322b¹⁷
670 2518 761 2553 Add.
900 2520 928 2564 ⁶)
954 2519 1046 2554 Bull.
1073 2519 1104 2554 d.
1132 2521 1229 2555 Corr.
1257 2521 1348 2556 Hell.
1377 2521 1472 2564 VIII,
1500 2533 1531 2565 p.
1557 2523 1627 2556 156.

266 2575 295 2618 ⁷)
321 2575 415 2619 Quid
440 2575 507 2611 sibi
533 2575 643 2611 velint
667 2576 810 2611 litterae
841 2574 917 2611 Tet
935 2575 963 2610 Φ
988 2578 1139 2621 singulis
1165 2579 1366 2613 nominibus
1393 2589 1462 2613 una
1489 2579 1541 2613 vel
1570 2579 1683 2613 altera

175 2632 310 2678 addita,
335 2632 496 2668 divinare
514 2643 585 2668 non
603 2644 758 2678 possum.
800 2634 844 2670 Ut
864 2635 984 2669 littera
1006 2632 1034 2668 T
1047 2635 1220 2670 talentum
1239 2636 1426 2679 significet.
1453 2635 1540 2679 quid
1559 2657 1601 2661 η
1630 2634 1683 2669 m?

176 2690 235 2725 An
259 2689 489 2734 cogitandum
513 2696 569 2726 est
584 2690 707 2726 ambas
732 2701 810 2726 esse
829 2702 892 2735 pro
911 2692 1153 2727 numeralibus
1177 2692 1369 2731 adhibitas,
1395 2699 1434 2726 ut
1458 2690 1484 2725 T
1504 2699 1682 2727 trecentas

176 2746 268 2791 (scil.
293 2746 497 2792 drachmas)
523 2747 754 2793 significaret,
780 2746 809 2782 Φ
833 2769 877 2774 -
901 2749 1142 2793 quingentas?
1194 2749 1398 2784 Diiudicent
1424 2749 1496 2784 alii.
