1957 3293
879 291 1186 333 —200-

283 416 379 455 Mihi
410 418 526 464 igitur
554 417 646 455 satis
675 417 749 454 erit
775 416 837 454 hic
863 415 1014 454 adferre
1043 427 1174 454 eorum
1202 415 1426 455 archontum
1454 417 1620 464 nomina,
1647 416 1714 466 qui
1741 419 1781 455 et

280 481 317 517 in
354 479 462 518 fastis
491 480 617 517 atticis
651 480 896 527 appellantur
925 480 979 524 (in
1015 480 1136 517 titulis
1173 484 1241 518 aut
1268 491 1291 518 a
1326 480 1597 529 scriptoribus)
1626 484 1666 520 et
1690 481 1780 520 Deli

280 547 498 581 occurrunt.
542 543 648 581 Haec
677 548 766 581 sunt
795 556 840 581 ex
869 542 1003 581 ordine
1024 542 1220 590 alphabeti
1249 544 1378 591 graeci
1397 542 1605 591 disposita:
1635 543 1781 582 Antho-

282 607 446 652 sterius,
476 606 754 653 Apollodorus,
785 606 1051 652 Aristarchus,
1081 606 1292 652 Aristolas,
1322 605 1492 650 Diocles,
1521 605 1731 655 Dionysius
1758 604 1780 644 ὁ

279 666 380 717 μετὰ
409 665 605 704 ..tumtum
635 668 767 713 (semel
797 669 834 705 in
863 668 974 705 titulo
1004 667 1150 706 deliaco
1179 668 1398 715 appellatur
1426 669 1540 706 etiam
1569 667 1780 718 Dionysius

279 731 423 768 archon
460 730 564 768 nulla
600 734 691 768 nota
725 729 876 775 addita,
919 734 961 767 ut
995 730 1092 768 sitne
1128 729 1226 768 idem
1263 742 1311 769 an
1346 731 1445 769 alius
1479 752 1529 758 —
1565 729 1731 770 fortasse
1758 730 1781 768 ὁ

275 792 376 841 μετὰ
399 790 631 842 Παράμονυν
658 815 707 820 -
736 792 939 830 diiudicari
968 804 1042 830 non
1072 793 1223 840 possit),
1253 792 1456 840 Diotimus,
1483 793 1627 841 Zenon,
1655 793 1782 833 Theo-

278 855 444 902 dorides,
473 855 673 901 Theocles‚
695 856 818 901 Iason,
848 855 1032 903 Isigenes,
1053 854 1312 902 Callistratus,
1340 856 1537 904 Lyciscus,
1558 856 1775 904 Menoetes,

281 918 539 965 Paramonus,
584 918 741 966 Pelops,
785 918 1016 965 Polyclitus,
1067 917 1314 966 Posidonius,
1358 918 1536 966 Procles,
1578 918 1782 968 Sarapion,

280 980 549 1025 Phaedriasffl)
586 1002 634 1008 —
670 984 759 1018 sunt
803 982 956 1018 nomina
993 985 1052 1017 22.
1115 979 1261 1018 Contra
1302 981 1367 1029 qui
1409 981 1447 1018 in
1489 981 1581 1020 solis
1623 981 1782 1020 deliacis

281 1045 404 1081 titulis
434 1045 680 1082 nominantur
707 1044 932 1090 archontes,
962 1044 1130 1091 quinque
1159 1055 1233 1081 non
1262 1044 1428 1092 amplius
1463 1047 1571 1082 sunt:
1613 1044 1782 1091 Archon,

283 1107 585 1152 Aristaechmus,
615 1107 815 1153 Zaleucus,
846 1106 989 1152 Meton,
1018 1104 1249 1152 Nausias.⁹²)

385 1169 612 1207 Cleruchiae
642 1169 812 1207 deliacae
841 1168 1055 1216 praefuisse
1084 1169 1158 1206 iam
1180 1168 1259 1206 dixi
1288 1169 1570 1217 epimeleten
1597 1170 1782 1218 apopulo

282 1233 570 1270 Atheniensium
587 1233 668 1269 sine
685 1231 801 1270 dubio
817 1233 986 1277 missum,
1007 1235 1049 1269 ut
1063 1231 1246 1269 Lemnum
1263 1236 1456 1280 strategus
1471 1233 1531 1271 vel
1545 1232 1783 1282 hipparchus

281 1295 516 1341 mittebatur,
547 1298 661 1343 atque
691 1291 918 1343 ἐπιμελητὴς
947 1291 1063 1343 νήσου
1091 1297 1158 1332 aut
1179 1293 1303 1344 Δήλου
1332 1295 1371 1332 in
1398 1295 1522 1333 titulis
1549 1295 1782 1344 appellatur.

280 1359 363 1396 Hoc
399 1359 550 1396 nomine
585 1356 794 1405 perductus
822 1357 929 1394 Nenz
965 1356 1037 1394 sibi
1072 1357 1267 1404 persuasit
1297 1357 1550 1396 »cleruchiam
1579 1357 1781 1405 deliacam,

282 1422 460 1469 quoniam
490 1422 667 1468 proprios
689 1420 894 1458 archontes
923 1431 998 1458 non
1018 1419 1191 1466 haberet,
1221 1419 1290 1458 sed
1309 1430 1333 1458 a
1350 1419 1594 1459 curatoribus
1622 1420 1784 1459 admini-

282 1550 342 1574 sur
374 1539 409 1573 la
442 1538 670 1582 chronologie
703 1537 765 1572 des
799 1537 988 1572 archontes
1021 1537 1208 1572 atheniens
1241 1536 1285 1572 de
1316 1537 1353 1571 la
1377 1537 1564 1573 deuxieme
1589 1537 1712 1574 moitie
1736 1537 1784 1574 du

282 1596 412 1632 second
438 1596 545 1630 siecle
571 1606 624 1629 αν.
650 1595 684 1629 J.
711 1594 831 1629 Chrax:
870 1594 954 1629 ibid.
981 1594 1025 1637 X,
1050 1605 1083 1638 p.
1101 1596 1224 1629 6—38.

369 1654 414 1697 9¹)
440 1652 710 1687 Anthesterius:
748 1651 840 1686 Bull.
875 1651 906 1686 d.
941 1652 1039 1686 Corr.
1073 1651 1250 1695 He11.rV,
1277 1662 1309 1696 p.
1334 1654 1405 1687 125.
1442 1672 1488 1678 —
1523 1651 1783 1696 Apollodorus:

280 1710 364 1745 ibid.
391 1710 453 1751 III,
480 1721 512 1753 p.
530 1711 607 1744 376.
634 1729 678 1734 -
704 1708 956 1743 Aristarchus:
984 1707 1102 1753 Ἀθήν.
1128 1707 1188 1751 lv,
1215 1719 1249 1752 p.
1266 1711 1333 1743 462
1358 1709 1405 1751 (n.
1427 1710 1492 1751 16).
1517 1729 1562 1735 —
1586 1709 1782 1744 Aristolas:

280 1767 371 1802 Bull.
399 1767 430 1800 d.
459 1767 556 1800 Corr.
582 1766 673 1800 Hell.
701 1766 761 1809 IV,
788 1776 820 1809 p.
844 1768 915 1800 184.
948 1785 992 1790 —
1018 1765 1178 1800 Diocles:
1215 1764 1301 1800 ibid.
1326 1765 1388 1809 IV,
1413 1777 1446 1811 p.
1467 1769 1541 1802 188.
1573 1787 1619 1793 —
1651 1766 1784 1812 Diony-

282 1825 355 1859 sius
383 1825 401 1856 «5
427 1824 520 1863 μετὰ
549 1822 739 1857 Λυκίσκονξ
765 1822 802 1856 C.
816 1822 843 1857 I.
858 1821 899 1856 G.
918 1824 1024 1866 22963
1050 1821 1142 1856 Bull.
1168 1821 1200 1856 d.
1227 1821 1325 1857 Corr.
1343 1822 1436 1858 Hell.
1454 1823 1516 1867 VI,
1541 1835 1575 1868 p.
1592 1825 1660 1860 495
1684 1823 1786 1866 (Dio-

282 1882 419 1926 nysius:
449 1880 532 1915 ibid.
548 1880 607 1923 VI,
634 1891 666 1924 p.
686 1883 777 1920 491).
804 1899 848 1904 —
873 1879 1070 1914 Diotimus:
1097 1878 1265 1923 Lebegue
1286 1878 1555 1916 »Recherches«
1574 1885 1641 1916 etc.
1666 1891 1701 1925 p.
1724 1881 1787 1916 163

282 1950 329 1976 ιη.
356 1941 426 1981 17);
451 1937 542 1971 Bull.
562 1936 593 1970 d.
613 1936 710 1971 Corr.
729 1936 821 1971 Hell.
841 1936 919 1979 VII,
937 1947 970 1980 p.
988 1938 1065 1972 370.
1093 1957 1132 1962 -
1159 1935 1298 1971 Zenon:
1325 1936 1362 1971 C.
1376 1936 1402 1971 Ι.
1417 1935 1459 1971 G.
1477 1938 1577 1974 228⁷.
1601 1957 1647 1964 —
1670 1937 1786 1973 Thoo-

283 1995 443 2030 dorides:
479 1994 571 2032 Bull.
599 1993 631 2027 d.
659 1994 756 2028 Corr.
783 1991 876 2029 Hell.
894 1993 937 2037 X,
965 2005 996 2038 p.
1014 1996 1068 2028 33.
1095 2014 1139 2019 —
1164 1993 1355 2029 Theocles:
1390 1993 1474 2029 ibid.
1502 1993 1562 2039 VI,
1587 2005 1621 2040 p.
1638 1996 1705 2031 347
1722 1993 1787 2039 (?);

282 2059 378 2088 certe
411 2053 542 2096 legitur
574 2051 650 2085 eius
685 2062 812 2086 nomen
845 2051 880 2085 in
915 2050 1020 2085 titulo
1054 2050 1209 2086 nondum
1235 2050 1341 2086 edito.
1378 2070 1423 2076 —
1458 2050 1580 2087 Iason:
1616 2050 1702 2087 ibid.
1726 2051 1789 2096 VI,

284 2122 316 2154 p.
339 2113 414 2145 323.
443 2130 485 2134 ——
511 2109 686 2152 Isigenes:
711 2106 824 2154 Ἀιῖήν.
843 2108 887 2152 11,
915 2120 947 2153 p.
972 2111 1032 2143 134
1049 2110 1097 2153 (n.
1120 2111 1162 2152 l).
1188 2129 1232 2133 —
1257 2107 1501 2144 Callistratus:
1528 2107 1621 2144 Bull.
1638 2107 1671 2144 d.
1689 2108 1787 2144 Corr.

284 2167 375 2201 Hell.
403 2167 463 2210 IV,
490 2179 521 2211 p.
549 2169 622 2201 185.
662 2186 705 2191 —-
737 2165 926 2210 Lyciscus:
964 2165 1048 2200 ibid.
1074 2166 1125 2210 X,
1151 2177 1184 2210 p.
1203 2168 1256 2200 34.
1295 2185 1339 2191 —
1375 2164 1577 2202 Menoetes:
1615 2165 1701 2201 ibid.
1726 2165 1788 2211 Vl,

284 2237 316 2269 p.
336 2228 412 2260 379.
439 2245 482 2249 —
509 2223 746 2257 Paramonus:
781 2223 873 2257 Bull.
899 2222 931 2257 d.
959 2223 1055 2257 Corr.
1083 2222 1175 2257 Hell.
1202 2222 1263 2267 VI,
1288 2233 1322 2267 p.
1341 2225 1417 2258 338.
1451 2243 1496 2249 -
1526 2221 1676 2268 Pelops:
1702 2221 1787 2258 ibid.

285 2283 327 2325 X,
356 2293 387 2326 p.
406 2285 459 2316 35.
487 2302 529 2306 —
558 2280 769 2325 Polyclitus:
799 2279 883 2313 ibid.
911 2279 954 2323 ΙΙ,
982 2291 1014 2324 p.
1033 2282 1109 2315 397.
1135 2300 1179 2305 -
1204 2278 1436 2315 Posidonius:
1461 2279 1546 2315 ibid.
1573 2279 1634 2324 IV,
1659 2289 1692 2324 p.
1715 2281 1788 2315 188.

285 2360 327 2365 -—
354 2339 513 2373 Procles:
542 2338 709 2381 Lebeguc
738 2337 1004 2372 »Becherches«
1025 2343 1091 2372 etc.
1118 2349 1151 2382 p.
1175 2340 1236 2373 156
1252 2342 1299 2375 (n.
1322 2340 1392 2381 10),
1417 2335 1510 2371 Bun.
1527 2335 1560 2371 d.
1579 2336 1677 2372 Corr.
1693 2335 1789 2372 Heu.

286 2398 327 2438 X,
355 2408 387 2440 p.
406 2400 459 2430 36.
499 2416 543 2421 —
582 2394 773 2438 Sarapion:
815 2394 906 2429 Bull.
933 2394 965 2429 d.
993 2395 1090 2429 Corr.
1118 2395 1210 2429 Heu.
1236 2395 1300 2438 ΙΙΙ,
1326 2406 1359 2440 p.
1376 2397 1454 2430 294.
1492 2414 1537 2420 —
1572 2393 1788 2430 Phaedria:

285 2454 322 2488 C.
338 2454 363 2487 l.
379 2453 419 2487 G.
438 2455 537 2488 2271.
564 2474 606 2478 —
633 2453 758 2498 Locos,
785 2453 914 2497 quibus
939 2459 1261 2489 commemorantur
1286 2458 1326 2489 ut
1350 2452 1541 2488 archontes
1565 2451 1790 2488 Athenarum

287 2521 464 2556 apponam
492 2511 526 2545 in
554 2511 762 2555 appendice.
901 2511 948 2555 ⁹²)
974 2511 1118 2546 Archon
1145 2511 1301 2546 occurrit
1332 2510 1368 2545 in
1393 2509 1532 2546 duobus
1563 2509 1679 2545 titulis
1702 2518 1791 2544 non-

286 2568 367 2602 dum
388 2568 520 2612 publici
542 2567 628 2602 iuris
647 2567 762 2611 sactis,
783 2578 870 2611 quos
889 2579 1026 2603 mecum
1045 2567 1319 2603 communicavit
1335 2567 1535 2603 Homollius
1552 2577 1617 2613 per
1633 2566 1788 2602 litteras:

287 2626 350 2660 cfr.
376 2624 577 2669 »Rapport«
601 2629 666 2659 etc.
686 2636 718 2669 p.
734 2628 789 2670 37,
808 2636 862 2659 n0.
877 2628 932 2661 67.
956 2646 999 2652 —-
1026 2625 1311 2661 Aristaechmus:
1339 2624 1569 2660 c.1.G.2270.
1594 2644 1639 2650 —
1662 2623 1791 2660 Zaleu-

287 2693 366 2716 cus:
394 2682 485 2717 Bull.
505 2682 536 2716 d.
555 2682 652 2716 Corr.
671 2682 764 2717 Heu.
784 2682 826 2726 X,
845 2694 877 2726 p.
892 2685 945 2718 33.
973 2703 1016 2708 —
1041 2682 1180 2718 Meton:
1207 2682 1380 2727 ibid.V11‚
1397 2693 1431 2727 p.
1445 2684 1523 2718 340.
1547 2701 1593 2708 —
1616 2680 1790 2717 Nausia:

289 2739 539 2775 (.1.1.G.2295.
567 2759 609 2764 —
636 2739 795 2774 Duorum
819 2744 1007 2784 praeterea
1032 2739 1212 2775 nominum
1237 2738 1395 2784 syllabae
1430 2737 1594 2784 singulae
1617 2737 1790 2783 reliquae.
