1979 3326
720 279 1007 320 -21-

108 403 240 443 verbis
268 406 421 442 statuae
450 414 622 451 magnae,
654 415 769 452 quam
795 403 913 441 Naxii
941 402 1056 441 iidem
1076 403 1247 450 Apollini
1273 403 1510 447 dicaverunt,
1541 402 1624 440 basi

108 467 384 516 inscriptis‚⁵⁸)
422 469 488 516 qui
523 468 678 510 titulus,
716 468 870 505 saeculo
907 471 1016 504 sexto
1053 467 1116 503 vix
1153 470 1211 504 est
1249 467 1454 514 antiquior.
1518 465 1625 512 Quae

106 531 200 569 mihi
226 531 424 579 reputanti
450 531 709 578 persuadetur
738 542 821 569 esse
850 530 958 567 illum
987 529 1265 578 Fiphicartidis
1298 529 1506 576 sculptoris
1535 529 1624 565 titu-

109 595 187 632 lum
231 594 282 632 ad
320 594 474 642 septimi
518 594 661 632 saeculi
703 598 852 642 partem
894 594 1055 631 alteram
1097 591 1340 630 referendum
1382 593 1475 629 item
1509 596 1626 639 atque

108 656 330 696 Nicandrae
359 656 640 695 dedicationem
667 658 743 695 iam
771 656 979 695 laudatam.
1033 656 1290 693 Nihilominus
1323 656 1626 693 vetustissimum

107 725 167 759 est
199 720 359 760 artificis
399 722 529 769 graeci
565 721 611 759 de
650 725 733 759 arte
770 733 840 759 sua
883 721 1143 759 testimonium
1180 724 1218 757 et
1252 722 1379 756 aetate
1422 718 1624 766 praecedit

110 784 368 822 clarissimum
395 785 502 822 illum
532 784 734 822 Archermi
761 783 1042 831 Micciadisque
1071 781 1260 820 artificum
1290 781 1460 828 titulum.
1497 782 1624 829 ipsum

107 859 260 897 quoque
290 849 377 886 Deli
404 847 664 896 repertum,⁵⁹)
695 859 807 895 quem
836 847 960 885 medio
990 847 1145 886 saeculo
1175 849 1284 884 sexto
1314 846 1377 882 vix
1406 856 1490 882 esse
1520 846 1620 882 anti-

108 912 281 959 quiorem
327 911 507 950 discimus
546 924 565 949 e
600 912 826 959 genealogia
860 923 990 949 eorum
1027 923 1049 949 a
1084 911 1211 948 Plinio
1249 909 1359 947 nobis
1403 908 1622 954 tradita:⁶0)

110 978 271 1023 nepotes
308 977 408 1013 enirn
445 975 666 1023 Micciadis,
710 975 912 1013 Archermi
945 973 1043 1012 filios
1080 973 1199 1011 fuisse
1234 976 1402 1010 testatur
1440 972 1622 1010 Athenim

106 1037 377 1087 Bupalumque
424 1039 512 1077 illos
556 1051 603 1077 ex
645 1039 886 1077 contumeliis
934 1037 1278 1075 vehementissimis
1319 1040 1431 1074 notos
1474 1035 1623 1083 Hippo-

105 1103 231 1140 nactis
258 1107 419 1150 poetae,
458 1114 571 1150 quem
600 1103 756 1140 circiter
787 1101 846 1139 Ol.
878 1106 925 1139 60
954 1101 1096 1138 vixisse
1137 1099 1280 1137 ibidem
1310 1099 1402 1136 dicit
1430 1104 1620 1146 constare,

104 1166 146 1203 in
182 1177 258 1214 quo
295 1166 330 1204 ei
366 1166 578 1203 assentitur
611 1165 786 1202 Marmor
821 1163 1051 1208 Parium.⁶¹)
1124 1163 1213 1200 Non
1246 1173 1372 1199 meum
1408 1166 1466 1200 est
1500 1174 1621 1210 genus

110 1229 327 1277 scripturae
355 1228 532 1277 pluribus
559 1229 762 1276 persequi:
791 1228 831 1265 in
860 1227 973 1265 titulo
1004 1226 1271 1274 antiquissimo
1301 1237 1399 1273 quae
1428 1226 1620 1264 mentione

106 1292 223 1340 digna
249 1293 334 1330 visa
361 1296 462 1339 sunt,
490 1292 627 1340 paucis
655 1292 730 1329 iam
760 1291 943 1338 exposui3
970 1290 1043 1328 hoc
1070 1294 1219 1328 tantum
1249 1289 1389 1327 addam
1419 1289 1620 1327 Archermi

105 1355 277 1402 titulum,
327 1356 393 1403 qui
431 1355 535 1393 inter
576 1367 706 1393 omnes
750 1356 854 1393 solus
898 1354 1099 1392 Deliorum
1142 1354 1374 1401 scripturam
1421 1354 1619 1400 propriam

104 1418 259 1456 videtur
287 1417 487 1464 exhibere,
525 1421 726 1456 exaratum
754 1428 839 1455 esse
868 1417 1009 1453 litteris
1039 1416 1255 1463 alphabeti,
1292 1421 1335 1454 ut
1363 1416 1480 1454 verbo
1515 1421 1618 1463 utar,

104 1481 273 1520 insulani
313 1503 337 1507 ⁴·
379 1481 521 1528 Pariis,
551 1480 718 1527 Thasfis,
749 1480 920 1528 Siphniis
951 1483 989 1517 et
1007 1480 1149 1528 partim
1169 1480 1306 1518 Naxiis
1336 1492 1490 1528 quoque
1519 1491 1619 1518 com-

105 1543 294 1591 munis.⁶2)

209 1608 357 1656 Quibus
394 1621 414 1646 e
447 1609 570 1646 titulis
611 1609 833 1657 perspicere
868 1608 960 1646 licet
999 1619 1062 1645 res
1105 1607 1255 1645 insulae
1299 1618 1413 1654 quam
1454 1607 1620 1645 maxime

104 1670 282 1710 floruisse
319 1671 392 1710 hoc
428 1676 622 1720 tempore,
658 1672 739 1710 5011.
770 1671 925 1710 saeculo
963 1674 1091 1718 sexto,
1126 1671 1387 1718 templumque
1425 1670 1485 1708 dei
1522 1676 1560 1709 et
1597 1683 1620 1709 a

103 1734 266 1782 privatis
295 1738 334 1772 et
360 1745 385 1773 a
411 1734 632 1773 civitatibus
659 1746 892 1783 magnopere
919 1735 1063 1772 cultum
1084 1738 1200 1782 atque
1230 1738 1458 1772 exornatum
1489 1734 1619 1772 multis

105 1798 244 1836 statuis
265 1797 471 1846 donisque:
499 1802 580 1836 tres
601 1799 701 1835 enim
730 1797 898 1836 artifices
927 1799 1114 1843 novimus,
1145 1799 1211 1845 qui
1238 1798 1430 1845 primitias
1460 1809 1618 1846 operum

107 1871 263 1899 suorum
292 1861 465 1908 Apollini
493 1860 737 1907 dicaverunt,
768 1860 871 1908 quod
900 1872 977 1898 non
1005 1859 1199 1907 fecissent,
1228 1861 1303 1897 nisi
1331 1864 1369 1897 et
1398 1860 1551 1908 longius
1580 1863 1619 1900 in

105 1923 234 1962 insula
260 1924 406 1962 versati
435 1929 565 1962 essent
593 1928 631 1961 et
661 1925 754 1962 satis
782 1924 879 1961 lucri
909 1935 956 1961 ex
985 1928 1066 1961 arte
1097 1935 1166 1961 sua
1185 1924 1452 1971 percepissent
1472 1924 1543 1963 deo
1564 1926 1620 1963 iu-

104 1990 231 2034 vante,
258 1987 320 2024 cui
347 1987 459 2026 donis
480 1988 559 2026 suis
579 1989 742 2036 gratiam
763 1986 949 2034 referunt,
971 1987 1083 2025 simul
1104 1992 1308 2034 sperantes
1329 1986 1490 2025 eandem
1511 1988 1618 2026 illum

104 2050 144 2088 in
171 2053 370 2098 posterum
399 2061 552 2098 quoque
583 2062 695 2099 opem
722 2054 1022 2098 praestaturum-
1078 2049 1213 2097 Neque
1244 2051 1454 2097 specimina
1483 2050 1619 2089 horum

105 2124 265 2162 operum
295 2113 407 2152 nobis
426 2113 583 2152 desunt:
613 2124 834 2162 quanquam
862 2112 908 2150 de
929 2113 1079 2151 colosso
1109 2113 1312 2160 Apollinis,
1343 2125 1455 2161 quem
1475 2114 1619 2153 Naxio-

194 2281 242 2325 58)
266 2280 294 2315 1.
313 2279 355 2315 G.
372 2280 416 2314 A.
442 2289 499 2314 no.
517 2281 595 2315 409.
767 2279 811 2323 59)
837 2277 930 2312 Bull.
958 2277 990 2312 d.
1018 2277 1116 2313 Corr.
1142 2277 1236 2312 Hell.
1262 2278 1305 2322 V,
1332 2289 1368 2323 p.
1385 2280 1451 2314 272
1478 2284 1512 2313 et
1538 2278 1618 2323 VII,

104 2348 139 2382 p.
156 2339 234 2372 254.
283 2336 355 2372 Gfr.
380 2336 523 2381 Loewy,
547 2335 766 2371 Inschriften
793 2335 927 2380 griech.
954 2335 1164 2379 Bildhauer,
1190 2346 1247 2370 no,
1270 2339 1298 2370 1.
1454 2337 1498 2381 ⁶0)
1524 2336 1616 2370 Plin.

103 2394 198 2430 nist.
224 2393 308 2429 Nat.
333 2393 500 2438 XXXVI,
519 2397 551 2437 4,
569 2395 600 2428 2.
719 2393 763 2437 61)
788 2391 916 2426 Marm.
935 2402 1010 2436 par.
1028 2391 1089 2426 lin.
1107 2395 1167 2427 58:
1195 2392 1240 2426 ad
1259 2392 1312 2427 Ol.
1332 2396 1386 2436 59,
1405 2395 1425 2427 3
1451 2392 1616 2428 refertur.

195 2451 240 2497 62)
266 2451 339 2487 Gfr.
355 2451 558 2495 Kirchh0ff‚
585 2450 685 2486 Stud.
712 2462 741 2484 z.
769 2450 899 2485 Gesch.
926 2449 958 2484 d.
987 2460 1037 2494 gr.
1064 2449 1191 2494 Alph.4
1217 2450 1294 2495 §21
1326 2456 1361 2484 et
1378 2453 1421 2484 22
1447 2457 1482 2485 et
1500 2450 1571 2485 tab.
1590 2451 1616 2494 Ι,

105 2509 186 2545 coll.
209 2509 422 2544 XV—XVI.
471 2508 583 2543 Cuius
614 2508 667 2543 rei
693 2508 909 2542 mentionem
934 2507 1020 2552 feci,
1055 2507 1139 2551 quia
1165 2507 1232 2542 hoc
1259 2518 1400 2552 quoque
1433 2508 1617 2553 alphabeti

104 2566 310 2603 testimonio
338 2566 472 2601 arctior
496 2565 674 2610 quaedam
699 2565 893 2610 Cycladum
927 2565 1126 2600 insularum
1154 2565 1358 2600 coniunctio
1392 2566 1479 2599 mihi
1510 2576 1617 2610 quam

104 2624 259 2660 maxime
276 2623 417 2660 videtur
434 2623 683 2668 demonstrari,
703 2624 898 2668 praecipue
924 2634 1005 2659 cum
1024 2623 1049 2657 0
1067 2631 1102 2659 et
1120 2622 1150 2658 Ω
1174 2623 1306 2658 litteris
1325 2622 1489 2666 (sortasse
1509 2624 1617 2658 etiam

107 2679 138 2716 E
158 2685 196 2717 et
222 2679 269 2727 H)
295 2681 402 2716 aliter
425 2686 534 2725 atque
560 2679 656 2725 apud
681 2680 786 2715 Iones
812 2680 995 2725 adhibitis,
1021 2686 1096 2716 tum
1116 2679 1149 2727 f
1170 2680 1272 2724 signo
1298 2679 1357 2714 hic
1374 2679 1516 2725 longius
1543 2691 1616 2716 ser·

105 2743 200 2785 vato,
224 2739 300 2775 illic
323 2739 397 2774 iam
421 2738 560 2784 pridem
585 2738 784 2784 deperdito.
