<?xml version="1.0" encoding="UTF-8"?>
<!DOCTYPE html PUBLIC "-//W3C//DTD XHTML 1.0 Transitional//EN"
    "http://www.w3.org/TR/xhtml1/DTD/xhtml1-transitional.dtd">
<html xmlns="http://www.w3.org/1999/xhtml" xml:lang="en" lang="en">
 <head>
  <title>
</title>
<meta http-equiv="Content-Type" content="text/html;charset=utf-8" />
  <meta name='ocr-system' content='tesseract 3.04.00' />
  <meta name='ocr-capabilities' content='ocr_page ocr_carea ocr_par ocr_line ocrx_word'/>
</head>
<body>
  <div class='ocr_page' id='page_1' title='image "./dedeliinsulaereb00scho_0201.png"; bbox 0 0 1979 3326; ppageno 0'>
   <div class='ocr_carea' id='block_1_1' title="bbox 713 287 1024 329">
    <p class='ocr_par' dir='ltr' id='par_1_1' title="bbox 713 287 1024 329">
     <span class='ocr_line' id='line_1_1' title="bbox 713 287 1024 329; baseline 0.003 -1"><span class='ocrx_word' id='word_1_1' title='bbox 713 287 1024 329; x_wconf 85' lang='lat'>—189—</span> 
     </span>
    </p>
   </div>
   <div class='ocr_carea' id='block_1_2' title="bbox 118 411 1628 2155">
    <p class='ocr_par' dir='ltr' id='par_1_2' title="bbox 118 411 1624 513">
     <span class='ocr_line' id='line_1_2' title="bbox 118 411 1624 459; baseline -0.003 -9"><span class='ocrx_word' id='word_1_2' title='bbox 118 422 184 450; x_wconf 85' lang='lat' dir='ltr'>cos</span> <span class='ocrx_word' id='word_1_3' title='bbox 219 421 242 448; x_wconf 83' lang='lat' dir='ltr'>a</span> <span class='ocrx_word' id='word_1_4' title='bbox 268 411 452 450; x_wconf 91' lang='lat' dir='ltr'>Romanis</span> <span class='ocrx_word' id='word_1_5' title='bbox 487 422 691 459; x_wconf 85' lang='lat' dir='ltr'>segregare</span> <span class='ocrx_word' id='word_1_6' title='bbox 732 411 824 449; x_wconf 86' lang='lat' dir='ltr'>licet</span> <span class='ocrx_word' id='word_1_7' title='bbox 862 411 1074 459; x_wconf 86' lang='lat' dir='ltr'>horumque</span> <span class='ocrx_word' id='word_1_8' title='bbox 1118 411 1271 448; x_wconf 91' lang='lat' dir='ltr'>nomine</span> <span class='ocrx_word' id='word_1_9' title='bbox 1316 413 1406 446; x_wconf 93' lang='lat' dir='ltr'>sunt</span> <span class='ocrx_word' id='word_1_10' title='bbox 1453 419 1624 456; x_wconf 90' lang='lat' dir='ltr'>compre-</span> 
     </span>
     <span class='ocr_line' id='line_1_3' title="bbox 120 473 324 513; baseline -0.015 0"><span class='ocrx_word' id='word_1_11' title='bbox 120 473 324 513; x_wconf 90' lang='lat' dir='ltr'>hendendi.</span> 
     </span>
    </p>

    <p class='ocr_par' dir='ltr' id='par_1_3' title="bbox 118 534 1628 899">
     <span class='ocr_line' id='line_1_4' title="bbox 225 534 1628 584; baseline -0.002 -10"><span class='ocrx_word' id='word_1_12' title='bbox 225 535 365 574; x_wconf 86' lang='lat' dir='ltr'>Omnes</span> <span class='ocrx_word' id='word_1_13' title='bbox 394 536 432 573; x_wconf 90' lang='lat' dir='ltr'>hi</span> <span class='ocrx_word' id='word_1_14' title='bbox 459 540 694 574; x_wconf 85' lang='lat' dir='ltr'><strong>mercatores</strong></span> <span class='ocrx_word' id='word_1_15' title='bbox 729 537 925 584; x_wconf 85' lang='lat' dir='ltr'>peregrini</span> <span class='ocrx_word' id='word_1_16' title='bbox 958 536 1066 573; x_wconf 87' lang='lat' dir='ltr'>varia</span> <span class='ocrx_word' id='word_1_17' title='bbox 1100 535 1200 572; x_wconf 91' lang='lat' dir='ltr'>inter</span> <span class='ocrx_word' id='word_1_18' title='bbox 1236 546 1276 572; x_wconf 92' lang='lat' dir='ltr'>se</span> <span class='ocrx_word' id='word_1_19' title='bbox 1313 535 1475 583; x_wconf 80' lang='lat' dir='ltr'>collegia</span> <span class='ocrx_word' id='word_1_20' title='bbox 1512 534 1628 572; x_wconf 85' lang='lat' dir='ltr'>facie-</span> 
     </span>
     <span class='ocr_line' id='line_1_5' title="bbox 119 598 1624 645; baseline -0.001 -8"><span class='ocrx_word' id='word_1_21' title='bbox 119 599 214 638; x_wconf 84' lang='lat' dir='ltr'>bant</span> <span class='ocrx_word' id='word_1_22' title='bbox 240 599 290 638; x_wconf 88' lang='lat' dir='ltr'>ad</span> <span class='ocrx_word' id='word_1_23' title='bbox 318 599 564 638; x_wconf 84' lang='lat' dir='ltr'><strong>securitatem</strong></span> <span class='ocrx_word' id='word_1_24' title='bbox 598 611 727 637; x_wconf 92' lang='lat' dir='ltr'>rerum</span> <span class='ocrx_word' id='word_1_25' title='bbox 761 611 916 637; x_wconf 89' lang='lat' dir='ltr'>suarum</span> <span class='ocrx_word' id='word_1_26' title='bbox 951 598 1152 636; x_wconf 80' lang='lat' dir='ltr'>tutandam</span> <span class='ocrx_word' id='word_1_27' title='bbox 1189 609 1484 645; x_wconf 80' lang='lat' dir='ltr'>communesque</span> <span class='ocrx_word' id='word_1_28' title='bbox 1522 598 1624 636; x_wconf 91' lang='lat' dir='ltr'>utili-</span> 
     </span>
     <span class='ocr_line' id='line_1_6' title="bbox 118 659 1625 710; baseline -0.001 -10"><span class='ocrx_word' id='word_1_29' title='bbox 118 665 220 701; x_wconf 87' lang='lat' dir='ltr'><strong>tates</strong></span> <span class='ocrx_word' id='word_1_30' title='bbox 247 662 550 710; x_wconf 87' lang='lat' dir='ltr'>persequendas,</span> <span class='ocrx_word' id='word_1_31' title='bbox 579 673 739 710; x_wconf 90' lang='lat' dir='ltr'>quorum</span> <span class='ocrx_word' id='word_1_32' title='bbox 770 661 816 699; x_wconf 89' lang='lat' dir='ltr'>de</span> <span class='ocrx_word' id='word_1_33' title='bbox 837 662 1024 699; x_wconf 88' lang='lat' dir='ltr'>institutis</span> <span class='ocrx_word' id='word_1_34' title='bbox 1046 671 1172 708; x_wconf 83' lang='lat' dir='ltr'>pauca</span> <span class='ocrx_word' id='word_1_35' title='bbox 1192 659 1396 698; x_wconf 84' lang='lat' dir='ltr'>admodum</span> <span class='ocrx_word' id='word_1_36' title='bbox 1418 661 1476 698; x_wconf 90' lang='lat' dir='ltr'>vel</span> <span class='ocrx_word' id='word_1_37' title='bbox 1496 662 1625 708; x_wconf 85' lang='lat' dir='ltr'>potius</span> 
     </span>
     <span class='ocr_line' id='line_1_7' title="bbox 119 723 1620 772; baseline -0.002 -9"><span class='ocrx_word' id='word_1_38' title='bbox 119 725 215 763; x_wconf 90' lang='lat' dir='ltr'>nihil</span> <span class='ocrx_word' id='word_1_39' title='bbox 245 724 325 764; x_wconf 91' lang='lat' dir='ltr'>fere</span> <span class='ocrx_word' id='word_1_40' title='bbox 354 726 527 763; x_wconf 86' lang='lat' dir='ltr'>novimus</span> <span class='ocrx_word' id='word_1_41' title='bbox 555 729 712 772; x_wconf 87' lang='lat' dir='ltr'>praeter</span> <span class='ocrx_word' id='word_1_42' title='bbox 741 725 896 762; x_wconf 86' lang='lat' dir='ltr'>nomina</span> <span class='ocrx_word' id='word_1_43' title='bbox 923 724 1148 772; x_wconf 88' lang='lat' dir='ltr'>plerumque</span> <span class='ocrx_word' id='word_1_44' title='bbox 1178 735 1201 760; x_wconf 88' lang='lat' dir='ltr'>a</span> <span class='ocrx_word' id='word_1_45' title='bbox 1229 723 1301 760; x_wconf 92' lang='lat' dir='ltr'>deo</span> <span class='ocrx_word' id='word_1_46' title='bbox 1329 723 1459 770; x_wconf 87' lang='lat' dir='ltr'>aliquo</span> <span class='ocrx_word' id='word_1_47' title='bbox 1494 724 1620 770; x_wconf 86' lang='lat' dir='ltr'>ducta,</span> 
     </span>
     <span class='ocr_line' id='line_1_8' title="bbox 119 786 1623 833; baseline -0.001 -8"><span class='ocrx_word' id='word_1_48' title='bbox 119 788 228 826; x_wconf 91' lang='lat' dir='ltr'>cuius</span> <span class='ocrx_word' id='word_1_49' title='bbox 255 788 404 826; x_wconf 83' lang='lat' dir='ltr'>tutelae</span> <span class='ocrx_word' id='word_1_50' title='bbox 433 799 474 826; x_wconf 90' lang='lat' dir='ltr'>se</span> <span class='ocrx_word' id='word_1_51' title='bbox 501 787 779 826; x_wconf 89' lang='lat' dir='ltr'>mandaverant</span> <span class='ocrx_word' id='word_1_52' title='bbox 808 791 845 825; x_wconf 91' lang='lat' dir='ltr'>et</span> <span class='ocrx_word' id='word_1_53' title='bbox 875 788 935 824; x_wconf 88' lang='lat' dir='ltr'>cui</span> <span class='ocrx_word' id='word_1_54' title='bbox 962 786 1146 824; x_wconf 92' lang='lat' dir='ltr'>sacellum</span> <span class='ocrx_word' id='word_1_55' title='bbox 1172 786 1394 833; x_wconf 91' lang='lat' dir='ltr'>cultumque</span> <span class='ocrx_word' id='word_1_56' title='bbox 1422 787 1623 824; x_wconf 83' lang='lat' dir='ltr'>instituere</span> 
     </span>
     <span class='ocr_line' id='line_1_9' title="bbox 121 850 910 899; baseline -0.003 -11"><span class='ocrx_word' id='word_1_57' title='bbox 121 854 239 899; x_wconf 82' lang='lat' dir='ltr'>atque</span> <span class='ocrx_word' id='word_1_58' title='bbox 268 851 470 889; x_wconf 82' lang='lat' dir='ltr'>sollemnia</span> <span class='ocrx_word' id='word_1_59' title='bbox 497 850 694 888; x_wconf 90' lang='lat' dir='ltr'>celebrare</span> <span class='ocrx_word' id='word_1_60' title='bbox 724 850 910 888; x_wconf 91' lang='lat' dir='ltr'>solebant.</span> 
     </span>
    </p>

    <p class='ocr_par' dir='ltr' id='par_1_4' title="bbox 120 911 1628 2155">
     <span class='ocr_line' id='line_1_10' title="bbox 225 911 1625 962; baseline -0.001 -12"><span class='ocrx_word' id='word_1_61' title='bbox 225 911 397 962; x_wconf 87' lang='lat' dir='ltr'>Collegia</span> <span class='ocrx_word' id='word_1_62' title='bbox 425 913 522 951; x_wconf 88' lang='lat' dir='ltr'>haec</span> <span class='ocrx_word' id='word_1_63' title='bbox 549 914 589 950; x_wconf 91' lang='lat' dir='ltr'>in</span> <span class='ocrx_word' id='word_1_64' title='bbox 617 912 692 951; x_wconf 90' lang='lat' dir='ltr'>duo</span> <span class='ocrx_word' id='word_1_65' title='bbox 721 924 864 960; x_wconf 88' lang='lat' dir='ltr'>genera</span> <span class='ocrx_word' id='word_1_66' title='bbox 892 912 1008 950; x_wconf 91' lang='lat' dir='ltr'>dividi</span> <span class='ocrx_word' id='word_1_67' title='bbox 1037 916 1212 960; x_wconf 83' lang='lat' dir='ltr'>possunt,</span> <span class='ocrx_word' id='word_1_68' title='bbox 1243 924 1403 960; x_wconf 89' lang='lat' dir='ltr'>quorum</span> <span class='ocrx_word' id='word_1_69' title='bbox 1433 924 1547 950; x_wconf 91' lang='lat' dir='ltr'>unum</span> <span class='ocrx_word' id='word_1_70' title='bbox 1579 924 1625 950; x_wconf 81' lang='lat' dir='ltr'>ex</span> 
     </span>
     <span class='ocr_line' id='line_1_11' title="bbox 121 974 1624 1024; baseline 0 -11"><span class='ocrx_word' id='word_1_71' title='bbox 121 975 339 1013; x_wconf 88' lang='lat' dir='ltr'>hominibus</span> <span class='ocrx_word' id='word_1_72' title='bbox 367 976 606 1024; x_wconf 90' lang='lat' dir='ltr'>potissimum</span> <span class='ocrx_word' id='word_1_73' title='bbox 636 976 674 1012; x_wconf 92' lang='lat' dir='ltr'>in</span> <span class='ocrx_word' id='word_1_74' title='bbox 704 974 861 1013; x_wconf 91' lang='lat' dir='ltr'>Oriente</span> <span class='ocrx_word' id='word_1_75' title='bbox 890 976 991 1013; x_wconf 88' lang='lat' dir='ltr'>natis</span> <span class='ocrx_word' id='word_1_76' title='bbox 1019 974 1172 1012; x_wconf 89' lang='lat' dir='ltr'>videtur</span> <span class='ocrx_word' id='word_1_77' title='bbox 1207 976 1458 1022; x_wconf 90' lang='lat' dir='ltr'>compositum</span> <span class='ocrx_word' id='word_1_78' title='bbox 1494 974 1624 1021; x_wconf 85' lang='lat' dir='ltr'>fuisse,</span> 
     </span>
     <span class='ocr_line' id='line_1_12' title="bbox 122 1037 1626 1086; baseline -0.001 -10"><span class='ocrx_word' id='word_1_79' title='bbox 122 1038 285 1077; x_wconf 86' lang='lat' dir='ltr'>alterum</span> <span class='ocrx_word' id='word_1_80' title='bbox 313 1049 336 1076; x_wconf 88' lang='lat' dir='ltr'>a</span> <span class='ocrx_word' id='word_1_81' title='bbox 354 1038 539 1076; x_wconf 90' lang='lat' dir='ltr'>Romanis</span> <span class='ocrx_word' id='word_1_82' title='bbox 558 1038 783 1086; x_wconf 80' lang='lat' dir='ltr'>Italicisque</span> <span class='ocrx_word' id='word_1_83' title='bbox 813 1042 879 1076; x_wconf 86' lang='lat' dir='ltr'>aut</span> <span class='ocrx_word' id='word_1_84' title='bbox 899 1037 1059 1076; x_wconf 88' lang='lat' dir='ltr'>Graecis</span> <span class='ocrx_word' id='word_1_85' title='bbox 1088 1050 1135 1075; x_wconf 84' lang='lat' dir='ltr'>ex</span> <span class='ocrx_word' id='word_1_86' title='bbox 1155 1037 1290 1075; x_wconf 87' lang='lat' dir='ltr'>Italiae</span> <span class='ocrx_word' id='word_1_87' title='bbox 1318 1038 1477 1076; x_wconf 89' lang='lat' dir='ltr'>urbibus</span> <span class='ocrx_word' id='word_1_88' title='bbox 1500 1040 1626 1076; x_wconf 88' lang='lat' dir='ltr'>oriun-</span> 
     </span>
     <span class='ocr_line' id='line_1_13' title="bbox 123 1100 1627 1150; baseline -0.002 -10"><span class='ocrx_word' id='word_1_89' title='bbox 123 1101 182 1140; x_wconf 90' lang='lat' dir='ltr'>dis</span> <span class='ocrx_word' id='word_1_90' title='bbox 210 1100 509 1150; x_wconf 88' lang='lat' dir='ltr'>frequentatum.</span> <span class='ocrx_word' id='word_1_91' title='bbox 575 1101 680 1139; x_wconf 88' lang='lat' dir='ltr'>Inter</span> <span class='ocrx_word' id='word_1_92' title='bbox 707 1102 794 1139; x_wconf 92' lang='lat' dir='ltr'>illos</span> <span class='ocrx_word' id='word_1_93' title='bbox 822 1102 946 1148; x_wconf 89' lang='lat' dir='ltr'>primo</span> <span class='ocrx_word' id='word_1_94' title='bbox 974 1101 1060 1138; x_wconf 91' lang='lat' dir='ltr'>loco</span> <span class='ocrx_word' id='word_1_95' title='bbox 1090 1105 1179 1138; x_wconf 90' lang='lat' dir='ltr'>sunt</span> <span class='ocrx_word' id='word_1_96' title='bbox 1207 1101 1429 1148; x_wconf 91' lang='lat' dir='ltr'>appellandi</span> <span class='ocrx_word' id='word_1_97' title='bbox 1460 1100 1627 1150; x_wconf 71' lang='grc' dir='ltr'><em>ἱεροναῦ-</em></span> 
     </span>
     <span class='ocr_line' id='line_1_14' title="bbox 122 1163 1627 1212; baseline 0 -12"><span class='ocrx_word' id='word_1_98' title='bbox 122 1177 185 1201; x_wconf 87' lang='grc' dir='ltr'>ται</span> <span class='ocrx_word' id='word_1_99' title='bbox 213 1164 322 1212; x_wconf 88' lang='lat' dir='ltr'>tyrii‚</span> <span class='ocrx_word' id='word_1_100' title='bbox 350 1163 618 1202; x_wconf 86' lang='lat' dir='ltr'>memorabiles</span> <span class='ocrx_word' id='word_1_101' title='bbox 648 1164 762 1201; x_wconf 83' lang='lat' dir='ltr'>etiam</span> <span class='ocrx_word' id='word_1_102' title='bbox 791 1163 839 1201; x_wconf 90' lang='lat' dir='ltr'>ob</span> <span class='ocrx_word' id='word_1_103' title='bbox 869 1163 1149 1201; x_wconf 87' lang='lat' dir='ltr'>dedicationem</span> <span class='ocrx_word' id='word_1_104' title='bbox 1179 1163 1328 1201; x_wconf 88' lang='lat' dir='ltr'>duabus</span> <span class='ocrx_word' id='word_1_105' title='bbox 1358 1164 1516 1211; x_wconf 87' lang='lat' dir='ltr'>linguis,</span> <span class='ocrx_word' id='word_1_106' title='bbox 1546 1176 1627 1201; x_wconf 81' lang='lat' dir='ltr'>ver-</span> 
     </span>
     <span class='ocr_line' id='line_1_15' title="bbox 121 1225 1623 1275; baseline -0.001 -10"><span class='ocrx_word' id='word_1_107' title='bbox 121 1226 260 1265; x_wconf 85' lang='lat' dir='ltr'>nacula</span> <span class='ocrx_word' id='word_1_108' title='bbox 287 1237 515 1275; x_wconf 85' lang='lat' dir='ltr'>graecaque,</span> <span class='ocrx_word' id='word_1_109' title='bbox 544 1227 713 1274; x_wconf 89' lang='lat' dir='ltr'>Apollini</span> <span class='ocrx_word' id='word_1_110' title='bbox 734 1225 943 1272; x_wconf 38' lang='lat' dir='ltr'>factam&amp;</span> <span class='ocrx_word' id='word_1_111' title='bbox 984 1225 1110 1264; x_wconf 90' lang='lat' dir='ltr'>Multo</span> <span class='ocrx_word' id='word_1_112' title='bbox 1131 1226 1265 1263; x_wconf 89' lang='lat' dir='ltr'>melius</span> <span class='ocrx_word' id='word_1_113' title='bbox 1286 1227 1395 1264; x_wconf 90' lang='lat' dir='ltr'>nobis</span> <span class='ocrx_word' id='word_1_114' title='bbox 1418 1232 1475 1265; x_wconf 91' lang='lat' dir='ltr'>est</span> <span class='ocrx_word' id='word_1_115' title='bbox 1496 1228 1623 1274; x_wconf 88' lang='lat' dir='ltr'>cogni-</span> 
     </span>
     <span class='ocr_line' id='line_1_16' title="bbox 120 1285 1628 1339; baseline -0.001 -12"><span class='ocrx_word' id='word_1_116' title='bbox 120 1292 202 1327; x_wconf 85' lang='lat' dir='ltr'>tum</span> <span class='ocrx_word' id='word_1_117' title='bbox 230 1289 430 1338; x_wconf 85' lang='lat' dir='ltr'>collegium</span> <span class='ocrx_word' id='word_1_118' title='bbox 471 1287 815 1326; x_wconf 76' lang='grc' dir='ltr'><em>Ποσειδωνιαστῶν</em></span> <span class='ocrx_word' id='word_1_119' title='bbox 852 1287 1049 1339; x_wconf 70' lang='grc' dir='ltr'><em>Βηρυτίων</em></span> <span class='ocrx_word' id='word_1_120' title='bbox 1086 1285 1265 1338; x_wconf 81' lang='grc' dir='ltr'>ἐμπόρων</span> <span class='ocrx_word' id='word_1_121' title='bbox 1301 1289 1364 1325; x_wconf 79' lang='grc' dir='ltr'>καὶ</span> <span class='ocrx_word' id='word_1_122' title='bbox 1403 1289 1628 1339; x_wconf 70' lang='grc' dir='ltr'><em>ναυκλήρων</em></span> 
     </span>
     <span class='ocr_line' id='line_1_17' title="bbox 121 1349 1628 1404; baseline 0.001 -16"><span class='ocrx_word' id='word_1_123' title='bbox 121 1350 186 1389; x_wconf 78' lang='grc' dir='ltr'>καὶ</span> <span class='ocrx_word' id='word_1_124' title='bbox 213 1349 490 1404; x_wconf 75' lang='grc' dir='ltr'><em>ἐγδοχέων,45)</em></span> <span class='ocrx_word' id='word_1_125' title='bbox 527 1363 688 1399; x_wconf 90' lang='lat' dir='ltr'>quorum</span> <span class='ocrx_word' id='word_1_126' title='bbox 724 1352 839 1389; x_wconf 90' lang='lat' dir='ltr'>etiam</span> <span class='ocrx_word' id='word_1_127' title='bbox 869 1352 1068 1398; x_wconf 89' lang='lat' dir='ltr'>sacellum,</span> <span class='ocrx_word' id='word_1_128' title='bbox 1105 1351 1171 1389; x_wconf 93' lang='lat' dir='ltr'>ubi</span> <span class='ocrx_word' id='word_1_129' title='bbox 1208 1353 1564 1400; x_wconf 69' lang='lat' dir='ltr'>congregabantur,</span> <span class='ocrx_word' id='word_1_130' title='bbox 1605 1365 1628 1390; x_wconf 87' lang='lat' dir='ltr'>a</span> 
     </span>
     <span class='ocr_line' id='line_1_18' title="bbox 120 1414 1621 1463; baseline -0.001 -9"><span class='ocrx_word' id='word_1_131' title='bbox 120 1415 332 1454; x_wconf 90' lang='lat' dir='ltr'>Reinachio</span> <span class='ocrx_word' id='word_1_132' title='bbox 368 1419 426 1454; x_wconf 88' lang='lat' dir='ltr'>est</span> <span class='ocrx_word' id='word_1_133' title='bbox 460 1419 656 1463; x_wconf 89' lang='lat' dir='ltr'>repertum</span> <span class='ocrx_word' id='word_1_134' title='bbox 691 1426 812 1463; x_wconf 90' lang='lat' dir='ltr'>prope</span> <span class='ocrx_word' id='word_1_135' title='bbox 860 1415 1180 1462; x_wconf 82' lang='lat' dir='ltr'>»peregrinorum</span> <span class='ocrx_word' id='word_1_136' title='bbox 1216 1414 1374 1453; x_wconf 89' lang='lat' dir='ltr'>deorum</span> <span class='ocrx_word' id='word_1_137' title='bbox 1410 1416 1621 1463; x_wconf 76' lang='lat' dir='ltr'>templum«</span> 
     </span>
     <span class='ocr_line' id='line_1_19' title="bbox 121 1476 1626 1525; baseline -0.001 -8"><span class='ocrx_word' id='word_1_138' title='bbox 121 1490 198 1517; x_wconf 88' lang='lat' dir='ltr'>una</span> <span class='ocrx_word' id='word_1_139' title='bbox 233 1489 318 1516; x_wconf 91' lang='lat' dir='ltr'>cum</span> <span class='ocrx_word' id='word_1_140' title='bbox 352 1479 475 1516; x_wconf 89' lang='lat' dir='ltr'>titulis</span> <span class='ocrx_word' id='word_1_141' title='bbox 510 1478 674 1525; x_wconf 85' lang='lat' dir='ltr'>aliquot,</span> <span class='ocrx_word' id='word_1_142' title='bbox 717 1489 737 1515; x_wconf 93' lang='lat' dir='ltr'>e</span> <span class='ocrx_word' id='word_1_143' title='bbox 774 1476 913 1525; x_wconf 92' lang='lat' dir='ltr'>quibus</span> <span class='ocrx_word' id='word_1_144' title='bbox 942 1477 1127 1514; x_wconf 85' lang='lat' dir='ltr'>nonnulla</span> <span class='ocrx_word' id='word_1_145' title='bbox 1167 1477 1280 1514; x_wconf 88' lang='lat' dir='ltr'>etiam</span> <span class='ocrx_word' id='word_1_146' title='bbox 1318 1478 1364 1515; x_wconf 91' lang='lat' dir='ltr'>de</span> <span class='ocrx_word' id='word_1_147' title='bbox 1401 1479 1483 1516; x_wconf 90' lang='lat' dir='ltr'>eius</span> <span class='ocrx_word' id='word_1_148' title='bbox 1519 1479 1626 1516; x_wconf 86' lang='lat' dir='ltr'>insti—</span> 
     </span>
     <span class='ocr_line' id='line_1_20' title="bbox 120 1539 1623 1589; baseline -0.001 -10"><span class='ocrx_word' id='word_1_149' title='bbox 120 1542 216 1580; x_wconf 86' lang='lat' dir='ltr'>tutis</span> <span class='ocrx_word' id='word_1_150' title='bbox 244 1541 443 1580; x_wconf 89' lang='lat' dir='ltr'>discimus:</span> <span class='ocrx_word' id='word_1_151' title='bbox 479 1540 675 1579; x_wconf 90' lang='lat' dir='ltr'>habebant</span> <span class='ocrx_word' id='word_1_152' title='bbox 703 1545 741 1578; x_wconf 90' lang='lat' dir='ltr'>et</span> <span class='ocrx_word' id='word_1_153' title='bbox 768 1539 1054 1578; x_wconf 73' lang='lat' dir='ltr'>arcliithiasitas</span> <span class='ocrx_word' id='word_1_154' title='bbox 1092 1541 1130 1577; x_wconf 90' lang='lat' dir='ltr'>in</span> <span class='ocrx_word' id='word_1_155' title='bbox 1167 1545 1313 1578; x_wconf 84' lang='lat' dir='ltr'>certum</span> <span class='ocrx_word' id='word_1_156' title='bbox 1348 1545 1517 1589; x_wconf 84' lang='lat' dir='ltr'>tempus,</span> <span class='ocrx_word' id='word_1_157' title='bbox 1558 1552 1623 1578; x_wconf 84' lang='lat' dir='ltr'>an-</span> 
     </span>
     <span class='ocr_line' id='line_1_21' title="bbox 121 1602 1627 1652; baseline 0.001 -11"><span class='ocrx_word' id='word_1_158' title='bbox 121 1615 238 1642; x_wconf 93' lang='lat' dir='ltr'>nuum</span> <span class='ocrx_word' id='word_1_159' title='bbox 267 1608 310 1641; x_wconf 91' lang='lat' dir='ltr'>ut</span> <span class='ocrx_word' id='word_1_160' title='bbox 336 1607 518 1652; x_wconf 86' lang='lat' dir='ltr'>apparet,</span> <span class='ocrx_word' id='word_1_161' title='bbox 545 1608 723 1650; x_wconf 71' lang='lat' dir='ltr'>creatos,</span> <span class='ocrx_word' id='word_1_162' title='bbox 760 1602 828 1640; x_wconf 92' lang='lat' dir='ltr'>sed</span> <span class='ocrx_word' id='word_1_163' title='bbox 862 1602 1053 1640; x_wconf 87' lang='lat' dir='ltr'>interdum</span> <span class='ocrx_word' id='word_1_164' title='bbox 1083 1603 1141 1640; x_wconf 92' lang='lat' dir='ltr'>bis</span> <span class='ocrx_word' id='word_1_165' title='bbox 1177 1603 1249 1641; x_wconf 94' lang='lat' dir='ltr'>hoc</span> <span class='ocrx_word' id='word_1_166' title='bbox 1283 1615 1440 1642; x_wconf 89' lang='lat' dir='ltr'>munere</span> <span class='ocrx_word' id='word_1_167' title='bbox 1476 1603 1627 1642; x_wconf 88' lang='lat' dir='ltr'>functos</span> 
     </span>
     <span class='ocr_line' id='line_1_22' title="bbox 123 1664 1628 1714; baseline 0 -10"><span class='ocrx_word' id='word_1_168' title='bbox 123 1664 304 1711; x_wconf 88' lang='lat' dir='ltr'>(fortasse</span> <span class='ocrx_word' id='word_1_169' title='bbox 333 1667 448 1704; x_wconf 90' lang='lat' dir='ltr'>etiam</span> <span class='ocrx_word' id='word_1_170' title='bbox 476 1667 666 1714; x_wconf 89' lang='lat' dir='ltr'>saepius),</span> <span class='ocrx_word' id='word_1_171' title='bbox 704 1677 867 1713; x_wconf 89' lang='lat' dir='ltr'>quorum</span> <span class='ocrx_word' id='word_1_172' title='bbox 895 1669 1080 1713; x_wconf 88' lang='lat' dir='ltr'>quattuor</span> <span class='ocrx_word' id='word_1_173' title='bbox 1109 1666 1263 1704; x_wconf 87' lang='lat' dir='ltr'>nomina</span> <span class='ocrx_word' id='word_1_174' title='bbox 1299 1667 1552 1713; x_wconf 74' lang='lat' dir='ltr'>novimus,⁴⁶)</span> <span class='ocrx_word' id='word_1_175' title='bbox 1591 1671 1628 1705; x_wconf 92' lang='lat' dir='ltr'>et</span> 
     </span>
     <span class='ocr_line' id='line_1_23' title="bbox 121 1727 1626 1778; baseline -0.001 -10"><span class='ocrx_word' id='word_1_176' title='bbox 121 1729 359 1768; x_wconf 85' lang='lat' dir='ltr'>sacerdotem</span> <span class='ocrx_word' id='word_1_177' title='bbox 386 1741 461 1767; x_wconf 90' lang='lat' dir='ltr'>non</span> <span class='ocrx_word' id='word_1_178' title='bbox 488 1729 694 1777; x_wconf 87' lang='lat' dir='ltr'>quotannis</span> <span class='ocrx_word' id='word_1_179' title='bbox 716 1728 890 1774; x_wconf 80' lang='lat' dir='ltr'>electum,</span> <span class='ocrx_word' id='word_1_180' title='bbox 921 1727 989 1765; x_wconf 90' lang='lat' dir='ltr'>sed</span> <span class='ocrx_word' id='word_1_181' title='bbox 1009 1730 1047 1765; x_wconf 91' lang='lat' dir='ltr'>in</span> <span class='ocrx_word' id='word_1_182' title='bbox 1069 1729 1219 1775; x_wconf 83' lang='lat' dir='ltr'>longius</span> <span class='ocrx_word' id='word_1_183' title='bbox 1240 1731 1425 1777; x_wconf 89' lang='lat' dir='ltr'>temporis</span> <span class='ocrx_word' id='word_1_184' title='bbox 1447 1732 1626 1778; x_wconf 83' lang='lat' dir='ltr'>spatium,</span> 
     </span>
     <span class='ocr_line' id='line_1_24' title="bbox 120 1790 1625 1841; baseline 0.001 -12"><span class='ocrx_word' id='word_1_185' title='bbox 120 1790 285 1830; x_wconf 87' lang='lat' dir='ltr'>fortasse</span> <span class='ocrx_word' id='word_1_186' title='bbox 313 1791 377 1829; x_wconf 85' lang='grc' dir='ltr'>διὰ</span> <span class='ocrx_word' id='word_1_187' title='bbox 401 1791 489 1841; x_wconf 79' lang='grc' dir='ltr'><em>βίου</em></span> <span class='ocrx_word' id='word_1_188' title='bbox 518 1793 767 1830; x_wconf 87' lang='lat' dir='ltr'>coustitutum</span> <span class='ocrx_word' id='word_1_189' title='bbox 797 1813 846 1818; x_wconf 86' lang='lat'><strong>—</strong></span> <span class='ocrx_word' id='word_1_190' title='bbox 874 1791 939 1828; x_wconf 92' lang='lat' dir='ltr'>ille</span> <span class='ocrx_word' id='word_1_191' title='bbox 966 1791 1131 1839; x_wconf 76' lang='lat' dir='ltr'>quidem,</span> <span class='ocrx_word' id='word_1_192' title='bbox 1164 1804 1274 1839; x_wconf 84' lang='lat' dir='ltr'>quern</span> <span class='ocrx_word' id='word_1_193' title='bbox 1297 1793 1416 1830; x_wconf 89' lang='lat' dir='ltr'>solum</span> <span class='ocrx_word' id='word_1_194' title='bbox 1442 1794 1625 1837; x_wconf 77' lang='lat' dir='ltr'>novimus,</span> 
     </span>
     <span class='ocr_line' id='line_1_25' title="bbox 122 1854 1626 1904; baseline 0 -11"><span class='ocrx_word' id='word_1_195' title='bbox 122 1855 382 1903; x_wconf 88' lang='lat' dir='ltr'>Apollodorus</span> <span class='ocrx_word' id='word_1_196' title='bbox 411 1856 692 1904; x_wconf 89' lang='lat' dir='ltr'>Apollophanis</span> <span class='ocrx_word' id='word_1_197' title='bbox 721 1854 759 1902; x_wconf 87' lang='lat' dir='ltr'>f.‚</span> <span class='ocrx_word' id='word_1_198' title='bbox 792 1859 928 1903; x_wconf 87' lang='lat' dir='ltr'>postea</span> <span class='ocrx_word' id='word_1_199' title='bbox 958 1855 1114 1892; x_wconf 90' lang='lat' dir='ltr'>honoris</span> <span class='ocrx_word' id='word_1_200' title='bbox 1143 1866 1261 1893; x_wconf 85' lang='lat' dir='ltr'>causa</span> <span class='ocrx_word' id='word_1_201' title='bbox 1290 1855 1372 1897; x_wconf 77' lang='grc' dir='ltr'>υἱὸς</span> <span class='ocrx_word' id='word_1_202' title='bbox 1402 1856 1469 1892; x_wconf 72' lang='grc' dir='ltr'>τοῦ</span> <span class='ocrx_word' id='word_1_203' title='bbox 1498 1856 1626 1893; x_wconf 67' lang='grc' dir='ltr'><em>κοινοῦ</em></span> 
     </span>
     <span class='ocr_line' id='line_1_26' title="bbox 121 1918 1624 1967; baseline 0.001 -11"><span class='ocrx_word' id='word_1_204' title='bbox 121 1918 408 1966; x_wconf 80' lang='lat' dir='ltr'>appellatus‚⁴⁷)</span> <span class='ocrx_word' id='word_1_205' title='bbox 443 1931 513 1967; x_wconf 90' lang='lat' dir='ltr'>per</span> <span class='ocrx_word' id='word_1_206' title='bbox 541 1919 637 1957; x_wconf 92' lang='lat' dir='ltr'>duos</span> <span class='ocrx_word' id='word_1_207' title='bbox 666 1922 787 1964; x_wconf 88' lang='lat' dir='ltr'>certe,</span> <span class='ocrx_word' id='word_1_208' title='bbox 824 1919 855 1956; x_wconf 90' lang='lat' dir='ltr'>si</span> <span class='ocrx_word' id='word_1_209' title='bbox 884 1930 960 1956; x_wconf 92' lang='lat' dir='ltr'>non</span> <span class='ocrx_word' id='word_1_210' title='bbox 989 1918 1171 1966; x_wconf 83' lang='lat' dir='ltr'>amplius,</span> <span class='ocrx_word' id='word_1_211' title='bbox 1209 1930 1328 1956; x_wconf 85' lang='lat' dir='ltr'>annos</span> <span class='ocrx_word' id='word_1_212' title='bbox 1360 1924 1417 1956; x_wconf 86' lang='lat' dir='ltr'>est</span> <span class='ocrx_word' id='word_1_213' title='bbox 1446 1919 1518 1957; x_wconf 92' lang='lat' dir='ltr'>hoc</span> <span class='ocrx_word' id='word_1_214' title='bbox 1546 1932 1624 1957; x_wconf 89' lang='lat' dir='ltr'>mu-</span> 
     </span>
     <span class='ocr_line' id='line_1_27' title="bbox 121 1979 1623 2029; baseline 0 -10"><span class='ocrx_word' id='word_1_215' title='bbox 121 1992 213 2019; x_wconf 90' lang='lat' dir='ltr'>nere</span> <span class='ocrx_word' id='word_1_216' title='bbox 242 1979 407 2019; x_wconf 86' lang='lat' dir='ltr'>functus.</span> <span class='ocrx_word' id='word_1_217' title='bbox 474 1980 621 2019; x_wconf 88' lang='lat' dir='ltr'>Scimus</span> <span class='ocrx_word' id='word_1_218' title='bbox 650 1984 806 2029; x_wconf 88' lang='lat' dir='ltr'>praeter</span> <span class='ocrx_word' id='word_1_219' title='bbox 833 1981 1053 2029; x_wconf 87' lang='lat' dir='ltr'>Neptunum</span> <span class='ocrx_word' id='word_1_220' title='bbox 1084 1981 1235 2027; x_wconf 85' lang='lat' dir='ltr'>collegii</span> <span class='ocrx_word' id='word_1_221' title='bbox 1264 1982 1481 2028; x_wconf 86' lang='lat' dir='ltr'>praesidem</span> <span class='ocrx_word' id='word_1_222' title='bbox 1512 1983 1623 2020; x_wconf 84' lang='lat' dir='ltr'>etiam</span> 
     </span>
     <span class='ocr_line' id='line_1_28' title="bbox 120 2043 1623 2092; baseline 0.001 -10"><span class='ocrx_word' id='word_1_223' title='bbox 120 2043 279 2082; x_wconf 91' lang='lat' dir='ltr'>Romam</span> <span class='ocrx_word' id='word_1_224' title='bbox 307 2043 416 2082; x_wconf 87' lang='lat' dir='ltr'>deam</span> <span class='ocrx_word' id='word_1_225' title='bbox 437 2055 520 2082; x_wconf 88' lang='lat' dir='ltr'>esse</span> <span class='ocrx_word' id='word_1_226' title='bbox 540 2045 680 2082; x_wconf 87' lang='lat' dir='ltr'>cultam</span> <span class='ocrx_word' id='word_1_227' title='bbox 701 2055 725 2081; x_wconf 93' lang='lat' dir='ltr'>a</span> <span class='ocrx_word' id='word_1_228' title='bbox 744 2044 911 2082; x_wconf 89' lang='lat' dir='ltr'>thiasitis</span> <span class='ocrx_word' id='word_1_229' title='bbox 932 2056 1056 2092; x_wconf 91' lang='lat' dir='ltr'>neque</span> <span class='ocrx_word' id='word_1_230' title='bbox 1078 2044 1294 2091; x_wconf 86' lang='lat' dir='ltr'>sumptibus</span> <span class='ocrx_word' id='word_1_231' title='bbox 1317 2057 1382 2082; x_wconf 87' lang='lat' dir='ltr'>eos</span> <span class='ocrx_word' id='word_1_232' title='bbox 1403 2046 1623 2092; x_wconf 72' lang='lat' dir='ltr'>pepercisse</span> 
     </span>
     <span class='ocr_line' id='line_1_29' title="bbox 121 2105 1624 2155; baseline 0.001 -11"><span class='ocrx_word' id='word_1_233' title='bbox 121 2117 142 2144; x_wconf 92' lang='lat' dir='ltr'>e</span> <span class='ocrx_word' id='word_1_234' title='bbox 170 2109 231 2144; x_wconf 90' lang='lat' dir='ltr'>sat</span> <span class='ocrx_word' id='word_1_235' title='bbox 257 2105 386 2143; x_wconf 91' lang='lat' dir='ltr'>multis</span> <span class='ocrx_word' id='word_1_236' title='bbox 415 2106 537 2144; x_wconf 92' lang='lat' dir='ltr'>titulis</span> <span class='ocrx_word' id='word_1_237' title='bbox 567 2106 817 2144; x_wconf 87' lang='lat' dir='ltr'>dedicatoriis</span> <span class='ocrx_word' id='word_1_238' title='bbox 847 2107 1059 2154; x_wconf 83' lang='lat' dir='ltr'>variisque,</span> <span class='ocrx_word' id='word_1_239' title='bbox 1096 2118 1194 2154; x_wconf 88' lang='lat' dir='ltr'>quae</span> <span class='ocrx_word' id='word_1_240' title='bbox 1225 2107 1262 2144; x_wconf 91' lang='lat' dir='ltr'>in</span> <span class='ocrx_word' id='word_1_241' title='bbox 1291 2108 1337 2144; x_wconf 90' lang='lat' dir='ltr'>iis</span> <span class='ocrx_word' id='word_1_242' title='bbox 1367 2108 1624 2155; x_wconf 84' lang='lat' dir='ltr'>appellantur,</span> 
     </span>
    </p>
   </div>
   <div class='ocr_carea' id='block_1_3' title="bbox 118 2281 1625 2786">
    <p class='ocr_par' dir='ltr' id='par_1_5' title="bbox 118 2281 1625 2786">
     <span class='ocr_line' id='line_1_30' title="bbox 209 2281 1623 2327; baseline 0.001 -10"><span class='ocrx_word' id='word_1_243' title='bbox 209 2284 256 2326; x_wconf 79' lang='grc'>44)</span> <span class='ocrx_word' id='word_1_244' title='bbox 283 2282 377 2318; x_wconf 91' lang='lat' dir='ltr'>Bull.</span> <span class='ocrx_word' id='word_1_245' title='bbox 403 2281 435 2317; x_wconf 86' lang='lat' dir='ltr'>d.</span> <span class='ocrx_word' id='word_1_246' title='bbox 462 2282 560 2318; x_wconf 89' lang='lat' dir='ltr'>Corr.</span> <span class='ocrx_word' id='word_1_247' title='bbox 586 2282 679 2317; x_wconf 89' lang='lat' dir='ltr'>Hell.</span> <span class='ocrx_word' id='word_1_248' title='bbox 705 2282 767 2327; x_wconf 91' lang='lat' dir='ltr'>IV,</span> <span class='ocrx_word' id='word_1_249' title='bbox 792 2294 825 2327; x_wconf 89' lang='lat' dir='ltr'>p.</span> <span class='ocrx_word' id='word_1_250' title='bbox 844 2285 997 2325; x_wconf 83' lang='lat'>69—71;</span> <span class='ocrx_word' id='word_1_251' title='bbox 1024 2283 1086 2318; x_wconf 87' lang='lat' dir='ltr'>cfr.</span> <span class='ocrx_word' id='word_1_252' title='bbox 1114 2284 1150 2318; x_wconf 66' lang='lat'>(¹.</span> <span class='ocrx_word' id='word_1_253' title='bbox 1166 2284 1191 2318; x_wconf 93' lang='lat'>1.</span> <span class='ocrx_word' id='word_1_254' title='bbox 1209 2285 1249 2318; x_wconf 84' lang='lat' dir='ltr'>G.</span> <span class='ocrx_word' id='word_1_255' title='bbox 1269 2287 1368 2319; x_wconf 79' lang='lat'>2271.</span> <span class='ocrx_word' id='word_1_256' title='bbox 1462 2286 1508 2325; x_wconf 83' lang='lat'>⁴⁵)</span> <span class='ocrx_word' id='word_1_257' title='bbox 1535 2283 1623 2318; x_wconf 90' lang='lat' dir='ltr'>Ibid.</span> 
     </span>
     <span class='ocr_line' id='line_1_31' title="bbox 118 2339 1624 2386; baseline -0.001 -10"><span class='ocrx_word' id='word_1_258' title='bbox 118 2340 198 2385; x_wconf 82' lang='lat' dir='ltr'>VII,</span> <span class='ocrx_word' id='word_1_259' title='bbox 223 2351 257 2386; x_wconf 90' lang='lat' dir='ltr'>p.</span> <span class='ocrx_word' id='word_1_260' title='bbox 276 2342 468 2376; x_wconf 80' lang='lat'>467—476.</span> <span class='ocrx_word' id='word_1_261' title='bbox 586 2341 634 2381; x_wconf 77' lang='grc'>46)</span> <span class='ocrx_word' id='word_1_262' title='bbox 658 2339 827 2375; x_wconf 86' lang='lat' dir='ltr'>Mnaseas</span> <span class='ocrx_word' id='word_1_263' title='bbox 854 2340 1017 2384; x_wconf 72' lang='lat' dir='ltr'>Dionysii</span> <span class='ocrx_word' id='word_1_264' title='bbox 1036 2340 1058 2374; x_wconf 88' lang='lat' dir='ltr'>f.</span> <span class='ocrx_word' id='word_1_265' title='bbox 1085 2341 1295 2385; x_wconf 84' lang='lat' dir='ltr'>Euergetes,</span> <span class='ocrx_word' id='word_1_266' title='bbox 1321 2341 1374 2376; x_wconf 91' lang='lat' dir='ltr'>bis</span> <span class='ocrx_word' id='word_1_267' title='bbox 1401 2341 1543 2376; x_wconf 78' lang='lat' dir='ltr'>functus</span> <span class='ocrx_word' id='word_1_268' title='bbox 1570 2352 1624 2375; x_wconf 84' lang='lat' dir='ltr'>ar-</span> 
     </span>
     <span class='ocr_line' id='line_1_32' title="bbox 119 2397 1623 2443; baseline 0.001 -11"><span class='ocrx_word' id='word_1_269' title='bbox 119 2397 349 2433; x_wconf 81' lang='lat' dir='ltr'>chithiasitae</span> <span class='ocrx_word' id='word_1_270' title='bbox 374 2408 520 2433; x_wconf 88' lang='lat' dir='ltr'>munere</span> <span class='ocrx_word' id='word_1_271' title='bbox 546 2398 654 2442; x_wconf 90' lang='lat' dir='ltr'>(Bull.</span> <span class='ocrx_word' id='word_1_272' title='bbox 681 2398 712 2432; x_wconf 91' lang='lat' dir='ltr'>d.</span> <span class='ocrx_word' id='word_1_273' title='bbox 740 2399 1044 2442; x_wconf 73' lang='lat' dir='ltr'>Corr.11011.v11‚</span> <span class='ocrx_word' id='word_1_274' title='bbox 1072 2410 1104 2443; x_wconf 89' lang='lat' dir='ltr'>p.</span> <span class='ocrx_word' id='word_1_275' title='bbox 1123 2401 1329 2442; x_wconf 64' lang='grc'>467-469),</span> <span class='ocrx_word' id='word_1_276' title='bbox 1355 2399 1476 2434; x_wconf 84' lang='lat' dir='ltr'>multis</span> <span class='ocrx_word' id='word_1_277' title='bbox 1503 2400 1623 2433; x_wconf 75' lang='lat' dir='ltr'>aediti-</span> 
     </span>
     <span class='ocr_line' id='line_1_33' title="bbox 118 2454 1625 2500; baseline 0 -10"><span class='ocrx_word' id='word_1_278' title='bbox 118 2454 184 2490; x_wconf 85' lang='lat' dir='ltr'>ciis</span> <span class='ocrx_word' id='word_1_279' title='bbox 210 2460 400 2490; x_wconf 80' lang='lat' dir='ltr'>ornaverat</span> <span class='ocrx_word' id='word_1_280' title='bbox 424 2456 573 2495; x_wconf 71' lang='grc' dir='ltr'><em>τέμενος</em></span> <span class='ocrx_word' id='word_1_281' title='bbox 599 2455 740 2499; x_wconf 87' lang='lat' dir='ltr'>collegii</span> <span class='ocrx_word' id='word_1_282' title='bbox 767 2455 865 2500; x_wconf 87' lang='lat' dir='ltr'>(ibid.</span> <span class='ocrx_word' id='word_1_283' title='bbox 893 2467 924 2500; x_wconf 90' lang='lat' dir='ltr'>p.</span> <span class='ocrx_word' id='word_1_284' title='bbox 944 2458 1158 2500; x_wconf 76' lang='lat'>473—474);</span> <span class='ocrx_word' id='word_1_285' title='bbox 1183 2463 1371 2500; x_wconf 75' lang='lat' dir='ltr'>praeterea</span> <span class='ocrx_word' id='word_1_286' title='bbox 1396 2457 1625 2500; x_wconf 76' lang='lat' dir='ltr'>appellantur</span> 
     </span>
     <span class='ocr_line' id='line_1_34' title="bbox 118 2511 1624 2557; baseline 0 -10"><span class='ocrx_word' id='word_1_287' title='bbox 118 2511 306 2547; x_wconf 86' lang='lat' dir='ltr'>Democles</span> <span class='ocrx_word' id='word_1_288' title='bbox 323 2512 583 2557; x_wconf 86' lang='lat' dir='ltr'>Demophontis</span> <span class='ocrx_word' id='word_1_289' title='bbox 601 2511 623 2546; x_wconf 89' lang='lat' dir='ltr'>f.</span> <span class='ocrx_word' id='word_1_290' title='bbox 642 2512 842 2556; x_wconf 85' lang='lat' dir='ltr'>Euergetes</span> <span class='ocrx_word' id='word_1_291' title='bbox 869 2513 963 2556; x_wconf 80' lang='lat' dir='ltr'>(bis),</span> <span class='ocrx_word' id='word_1_292' title='bbox 992 2513 1183 2557; x_wconf 79' lang='lat' dir='ltr'>Dionysius</span> <span class='ocrx_word' id='word_1_293' title='bbox 1211 2513 1386 2557; x_wconf 69' lang='lat' dir='ltr'>sosipatri</span> <span class='ocrx_word' id='word_1_294' title='bbox 1405 2514 1439 2552; x_wconf 72' lang='lat' dir='ltr'>f..</span> <span class='ocrx_word' id='word_1_295' title='bbox 1466 2514 1624 2547; x_wconf 78' lang='lat' dir='ltr'>incertus</span> 
     </span>
     <span class='ocr_line' id='line_1_35' title="bbox 118 2568 1622 2613; baseline 0.001 -10"><span class='ocrx_word' id='word_1_296' title='bbox 118 2568 287 2604; x_wconf 82' lang='lat' dir='ltr'>Hieronis</span> <span class='ocrx_word' id='word_1_297' title='bbox 312 2568 334 2603; x_wconf 83' lang='lat' dir='ltr'>f.</span> <span class='ocrx_word' id='word_1_298' title='bbox 361 2568 571 2613; x_wconf 84' lang='lat' dir='ltr'>Euergetes.</span> <span class='ocrx_word' id='word_1_299' title='bbox 688 2569 734 2612; x_wconf 81' lang='lat'>⁴⁷)</span> <span class='ocrx_word' id='word_1_300' title='bbox 761 2569 860 2604; x_wconf 80' lang='lat' dir='ltr'>Haec</span> <span class='ocrx_word' id='word_1_301' title='bbox 886 2570 1091 2604; x_wconf 81' lang='lat' dir='ltr'>coniectura</span> <span class='ocrx_word' id='word_1_302' title='bbox 1117 2580 1195 2604; x_wconf 79' lang='lat' dir='ltr'>mea</span> <span class='ocrx_word' id='word_1_303' title='bbox 1221 2576 1290 2605; x_wconf 85' lang='lat' dir='ltr'>est:</span> <span class='ocrx_word' id='word_1_304' title='bbox 1325 2570 1360 2604; x_wconf 90' lang='lat' dir='ltr'>in</span> <span class='ocrx_word' id='word_1_305' title='bbox 1388 2571 1490 2604; x_wconf 83' lang='lat' dir='ltr'>titulo</span> <span class='ocrx_word' id='word_1_306' title='bbox 1516 2571 1622 2609; x_wconf 66' lang='lat' dir='ltr'>‹Bull</span> 
     </span>
     <span class='ocr_line' id='line_1_36' title="bbox 119 2625 1623 2671; baseline 0.001 -11"><span class='ocrx_word' id='word_1_307' title='bbox 119 2625 152 2660; x_wconf 91' lang='lat' dir='ltr'>d.</span> <span class='ocrx_word' id='word_1_308' title='bbox 178 2625 275 2660; x_wconf 89' lang='lat' dir='ltr'>Corr.</span> <span class='ocrx_word' id='word_1_309' title='bbox 294 2625 387 2661; x_wconf 85' lang='lat' dir='ltr'>Hell.</span> <span class='ocrx_word' id='word_1_310' title='bbox 405 2626 483 2670; x_wconf 89' lang='lat' dir='ltr'>VII,</span> <span class='ocrx_word' id='word_1_311' title='bbox 508 2638 541 2671; x_wconf 91' lang='lat' dir='ltr'>p.</span> <span class='ocrx_word' id='word_1_312' title='bbox 560 2629 641 2668; x_wconf 76' lang='lat'>472)</span> <span class='ocrx_word' id='word_1_313' title='bbox 667 2627 865 2661; x_wconf 75' lang='lat' dir='ltr'>sacerdotis</span> <span class='ocrx_word' id='word_1_314' title='bbox 891 2638 1017 2662; x_wconf 88' lang='lat' dir='ltr'>nomen</span> <span class='ocrx_word' id='word_1_315' title='bbox 1044 2628 1206 2663; x_wconf 85' lang='lat' dir='ltr'>mutilum</span> <span class='ocrx_word' id='word_1_316' title='bbox 1233 2628 1268 2662; x_wconf 90' lang='lat' dir='ltr'>in</span> <span class='ocrx_word' id='word_1_317' title='bbox 1298 2629 1454 2671; x_wconf 65' lang='grc' dir='ltr'>»δωροςι</span> <span class='ocrx_word' id='word_1_318' title='bbox 1486 2629 1623 2662; x_wconf 75' lang='lat' dir='ltr'>litteras</span> 
     </span>
     <span class='ocr_line' id='line_1_37' title="bbox 119 2681 1622 2729; baseline 0.002 -13"><span class='ocrx_word' id='word_1_319' title='bbox 119 2681 204 2725; x_wconf 79' lang='lat' dir='ltr'>exit,</span> <span class='ocrx_word' id='word_1_320' title='bbox 230 2682 324 2726; x_wconf 89' lang='lat' dir='ltr'>quod</span> <span class='ocrx_word' id='word_1_321' title='bbox 341 2682 502 2727; x_wconf 82' lang='lat' dir='ltr'>supplevi</span> <span class='ocrx_word' id='word_1_322' title='bbox 530 2693 574 2717; x_wconf 86' lang='lat' dir='ltr'>ex</span> <span class='ocrx_word' id='word_1_323' title='bbox 599 2683 691 2728; x_wconf 82' lang='lat' dir='ltr'>aliis,</span> <span class='ocrx_word' id='word_1_324' title='bbox 717 2683 777 2718; x_wconf 93' lang='lat' dir='ltr'>ubi</span> <span class='ocrx_word' id='word_1_325' title='bbox 796 2684 952 2719; x_wconf 89' lang='lat' dir='ltr'>nondum</span> <span class='ocrx_word' id='word_1_326' title='bbox 979 2687 1045 2717; x_wconf 77' lang='grc' dir='ltr'>τοῦ</span> <span class='ocrx_word' id='word_1_327' title='bbox 1064 2688 1193 2729; x_wconf 73' lang='grc' dir='ltr'><em>κοινοῦ,</em></span> <span class='ocrx_word' id='word_1_328' title='bbox 1222 2695 1341 2720; x_wconf 77' lang='lat' dir='ltr'>verum</span> <span class='ocrx_word' id='word_1_329' title='bbox 1362 2684 1622 2728; x_wconf 77' lang='lat' dir='ltr'>Apollophanis</span> 
     </span>
     <span class='ocr_line' id='line_1_38' title="bbox 118 2737 874 2786; baseline 0.003 -13"><span class='ocrx_word' id='word_1_330' title='bbox 118 2737 141 2773; x_wconf 80' lang='lat' dir='ltr'>f.</span> <span class='ocrx_word' id='word_1_331' title='bbox 167 2738 372 2784; x_wconf 77' lang='lat' dir='ltr'>appellatur</span> <span class='ocrx_word' id='word_1_332' title='bbox 396 2739 495 2782; x_wconf 53' lang='lat' dir='ltr'>(ibid.</span> <span class='ocrx_word' id='word_1_333' title='bbox 515 2740 594 2785; x_wconf 87' lang='lat' dir='ltr'>vn,</span> <span class='ocrx_word' id='word_1_334' title='bbox 618 2750 652 2784; x_wconf 90' lang='lat' dir='ltr'>p.</span> <span class='ocrx_word' id='word_1_335' title='bbox 669 2743 874 2786; x_wconf 79' lang='lat'>469-471).</span> 
     </span>
    </p>
   </div>
  </div>
 </body>
</html>
