1979 3326
777 321 1057 362 „43—

161 445 332 483 rationes
370 448 542 494 tempore
578 457 654 484 non
697 445 874 493 definito,
910 458 982 494 per
1016 446 1119 494 quod
1155 458 1311 484 munere
1347 451 1447 485 esset
1485 446 1669 486 functum.

159 508 213 546 At
249 508 388 557 quibus
423 510 546 547 utitur
582 510 768 557 exemplis
810 509 858 546 ad
897 509 1235 548 demonstrandum
1276 511 1502 549 inusitatam
1539 510 1670 557 fuisse,

162 583 260 619 quae
288 571 500 619 praecedit,
528 571 759 610 formulam?
789 573 871 610 Illis
901 573 1059 620 scilicet,
1090 585 1188 621 quae
1219 586 1238 612 e
1268 574 1390 610 titulis
1420 578 1558 621 quarto
1588 586 1670 612 sae-

162 634 248 673 culo
278 635 508 683 conscriptis
542 635 603 673 vel
631 635 845 683 desumpsit
872 636 933 673 vel
960 636 1090 683 potius
1119 637 1202 684 ipse
1232 635 1420 674 confinxit
1448 637 1497 674 ad
1526 637 1671 675 saeculi

161 698 286 745 quinti
320 698 472 735 titulum
508 698 788 745 corrigendum.
844 698 945 735 Huic
982 698 1075 736 nihil
1110 699 1348 746 respondere
1382 711 1558 747 possum,
1597 701 1670 738 nisi

162 760 338 808 suadere,
368 763 410 798 ut
438 762 573 809 populi
594 761 841 799 Atheniensis
866 761 1109 799 decretorum
1129 760 1313 800 formulas
1344 763 1562 800 accuratius
1583 774 1670 810 per-

164 824 289 871 legat,
326 825 402 862 iam
439 824 638 872 intelleget
672 836 748 862 non
783 836 934 872 semper
970 824 1121 862 easdem
1158 826 1346 864 mansisse
1384 830 1500 874 atque
1538 827 1670 863 immu-

160 890 263 926 tatas
290 899 362 935 per
388 891 511 926 totum
539 888 611 926 hoc
639 889 807 936 tempus!
856 888 967 934 Quod
995 900 1086 926 vero
1116 886 1175 925 ἐπὶ
1207 888 1229 925 I
1234 888 1446 925 ’λαυκίππου
1477 886 1671 939 ἄρχοντος

161 950 377 998 adiungens
406 950 676 1001 παρελάβομεν
703 952 807 998 voci,
843 956 994 999 tempus
1024 951 1222 990 contendit
1250 951 1368 989 fuisse
1399 951 1669 999 definiendum,

159 1025 235 1062 quo
265 1025 395 1052 sacras
423 1015 608 1062 pecunias
637 1015 938 1062 Amphictyones
965 1016 1218 1063 accepissent,
1254 1016 1325 1054 hoc
1354 1027 1446 1054 sane
1475 1017 1670 1063 ineptissi-

163 1088 264 1114 mum
286 1081 360 1115 est:
391 1078 503 1126 quasi
523 1077 678 1115 dubium
701 1089 784 1115 esse
805 1079 939 1125 possit,
961 1078 1053 1125 quin
1076 1079 1203 1116 statim
1225 1079 1319 1117 inito
1349 1080 1578 1127 magistratu
1599 1079 1671 1117 hoc

166 1139 328 1179 fecerint
355 1140 676 1189 Amphictyones,
712 1152 788 1178 non
822 1144 911 1188 post
939 1152 1079 1178 annum
1109 1153 1217 1179 suum
1248 1145 1435 1180 exactum.
1495 1141 1571 1180 Sed
1599 1142 1671 1180 1100

162 1204 288 1252 ipsum
319 1203 485 1251 denegat
511 1204 757 1251 Attingerus,
793 1215 858 1242 eos
886 1216 956 1252 per
985 1205 1075 1242 anni
1102 1208 1250 1243 tantum
1281 1206 1447 1253 spatium
1478 1217 1561 1243 esse
1592 1217 1671 1244 mu-

162 1277 254 1304 nere
282 1265 452 1313 functos,
491 1278 605 1314 quum
641 1270 762 1305 totam
791 1278 898 1305 suam
935 1268 1182 1315 magistratus
1211 1268 1323 1306 huius
1359 1269 1552 1306 notionem
1582 1280 1671 1307 0011-

164 1329 320 1368 finxerit
357 1342 376 1368 e
412 1330 518 1368 tituli
554 1329 834 1368 Sandwicensis
870 1331 1004 1378 primis
1039 1331 1167 1369 verbis
1203 1343 1327 1379 neque
1363 1331 1464 1369 hunc
1501 1332 1671 1370 animad-

162 1395 324 1433 verterit
351 1394 401 1433 ad
429 1394 778 1432 extraordinarium
816 1395 1007 1442 quendam
1042 1406 1168 1433 rerum
1205 1399 1346 1434 statum
1374 1396 1589 1443 pertinere,
1628 1400 1671 1433 ut

167 1470 215 1495 ex
242 1457 328 1496 aliis
357 1457 405 1496 ab
433 1457 626 1496 Homollio
655 1459 822 1505 repertis
851 1462 1026 1506 apparet.

263 1520 362 1558 Mihi
397 1523 502 1558 certe
544 1523 696 1558 constat
732 1525 915 1569 quattuor
948 1521 1272 1570 Amphictyonas,
1315 1533 1477 1570 (1110111111
1515 1523 1670 1560 nomina

162 1586 321 1632 praeter
340 1595 469 1631 unum,
489 1583 606 1631 idque
627 1584 817 1632 praesidis
839 1584 1040 1622 evanidum
1063 1589 1149 1622 sunt
1170 1585 1282 1622 titulo
1302 1586 1529 1632 praemissa,
1551 1584 1670 1624 fuisse

163 1647 411 1695 magistratus
437 1658 585 1685 annuos
612 1647 797 1686 archonte
818 1648 1036 1696 Glaucippo
1058 1648 1116 1686 Ol.
1140 1653 1200 1696 92,
1223 1654 1243 1686 3
1272 1652 1331 1693 (=
1352 1650 1496 1693 410l9).
1539 1649 1668 1697 Atque

161 1710 264 1748 hunc
295 1710 420 1758 ipsum
455 1721 653 1748 numerum
688 1722 817 1748 eorum
850 1714 887 1749 et
919 1715 1088 1759 tempus,
1117 1723 1187 1759 per
1221 1711 1324 1759 quod
1354 1724 1509 1750 munere
1538 1712 1669 1760 funge-

161 1776 308 1821 rentur,
338 1774 526 1813 mansisse
559 1774 657 1812 idem
693 1774 781 1813 inde
816 1775 864 1813 ab
897 1776 975 1823 illo,
1006 1787 1080 1823 quo
1111 1787 1243 1813 eorum
1272 1776 1473 1823 collegium
1505 1781 1588 1815 erat
1614 1778 1670 1814 111-

163 1837 350 1884 stitutum,
379 1841 551 1886 tempore
587 1850 709 1886 usque
745 1838 794 1876 ad
828 1838 1121 1877 Atheniensium
1151 1840 1354 1886 imperium
1384 1840 1614 1877 maritimum
1645 1851 1667 1878 a

162 1900 479 1939 Lacedaemoniis
515 1912 707 1947 eversum,
749 1901 838 1939 hinc
872 1903 963 1939 mihi
1007 1902 1223 1950 persuadeo
1262 1913 1306 1941 ac
1341 1904 1668 1949 verisimillimum,

163 1967 207 2002 ut
240 1964 279 2001 in
315 1963 431 2001 rebus
461 1963 605 2011 dubiis,
639 1967 752 2012 puto:
788 1968 876 2002 utar
910 1964 1280 2003 Hellenotamiarum
1317 1970 1433 2014 atque
1468 1967 1668 2005 Minervae

166 2030 413 2075 quaestorum
435 2028 622 2076 exemplo,
652 2040 747 2075 quos
767 2039 838 2075 per
867 2029 955 2065 anni
978 2032 1124 2065 tantum
1153 2029 1318 2076 spatium
1341 2041 1497 2067 munere
1518 2028 1669 2067 functos

163 2101 249 2128 esse
283 2091 377 2128 satis
414 2093 582 2137 constat,
619 2102 839 2139 quanquam
876 2093 1088 2139 penteteris
1126 2093 1192 2130 illa
1227 2090 1274 2129 ἐκ
1314 2090 1592 2142 Παναθηναίων
1627 2090 1670 2136 ἐς

166 2151 413 2203 Παναθηναῖα
447 2157 551 2191 certe
589 2165 665 2192 non
700 2155 824 2192 minus
853 2155 1016 2193 Athenis
1052 2166 1165 2203 quam
1199 2155 1288 2193 Deli
1316 2156 1355 2193 in
1384 2168 1455 2194 usu
1485 2155 1574 2203 fuit,
1604 2157 1670 2195 nbi

169 2228 239 2265 per
267 2216 418 2264 longam
452 2217 526 2255 iam
555 2228 743 2256 annorum
778 2218 915 2256 seriem
945 2218 1131 2266 religione
1159 2220 1246 2267 ipsa
1275 2218 1555 2266 quodammodo
1586 2224 1669 2258 erat

163 2283 309 2318 sancta.

267 2342 327 2381 De
357 2343 411 2380 eis
440 2344 506 2392 qui
532 2343 595 2381 hic
621 2343 868 2391 appellantur
890 2343 1237 2391 Amphictyonibus
1257 2344 1368 2382 nobis
1389 2345 1482 2382 nihil
1503 2346 1668 2393 amplius

162 2408 221 2442 est
252 2409 404 2444 notum:
433 2406 661 2454 Apsephiou
691 2406 843 2455 quidem
874 2406 1037 2444 fortasse
1069 2411 1127 2444 est
1156 2419 1274 2455 nepos
1306 2408 1476 2446 eiusdem
1506 2411 1669 2448 nominis

162 2467 372 2516 archontis,
402 2470 469 2517 qui
496 2480 632 2507 munus
660 2469 755 2507 obiit
784 2481 840 2515 eo,
871 2479 947 2517 (1110
970 2469 1178 2517 Sophocles
1200 2470 1430 2518 Aeschylum
1460 2472 1670 2519 tragoediis

162 2531 266 2579 vicit,
295 2542 395 2570 anno
425 2531 484 2571 01.
506 2534 567 2580 77,
597 2538 620 2572 4
641 2536 700 2579 (=
722 2536 901 2579 369l68);
931 2533 998 2572 sed
1028 2534 1100 2572 11οο
1128 2546 1203 2572 11011
1234 2535 1327 2572 satis
1357 2539 1515 2572 certum.

265 2594 425 2633 Maximi
455 2599 513 2634 est
533 2597 726 2643 momenti,
757 2595 859 2644 quod
887 2608 906 2634 e
927 2597 1038 2635 titulo
1068 2597 1140 2635 1100
1169 2597 1351 2635 discimus
1373 2598 1666 2636 Atheniensium

166 2661 392 2706 quaestores
428 2670 504 2697 non
541 2671 612 2707 per
641 2671 680 2698 se
710 2660 814 2707 ipsos
844 2659 1135 2699 administrasse
1172 2661 1304 2708 templi
1334 2662 1526 2709 Apollinis
1557 2674 1670 2709 pecn-

165 2721 263 2767 nias,
298 2731 427 2759 verum
458 2721 639 2759 adhibitis
668 2721 864 2761 Deliorum
897 2723 1196 2771 magistratibus,
1226 2724 1291 2772 qui
1322 2724 1511 2773 νεωκόροε
1540 2726 1670 2773 appel-

163 2783 357 2822 labantur.
417 2783 625 2834 Ᾱὲωκύρος
659 2786 762 2824 vocis
790 2788 950 2834 propria
978 2788 1034 2825 vis
1069 2792 1128 2826 est
1161 2799 1224 2834 ea,
1260 2792 1302 2825 ut
1331 2788 1525 2826 aedituum
1555 2789 1670 2837 signi-
