1957 3293
919 300 1227 341 —190—

329 426 513 465 aedificiis
542 426 722 473 colligere
751 436 968 472 possumus.
1032 423 1107 461 Sed
1137 435 1212 461 non
1246 423 1370 460 minus
1405 426 1513 460 certa
1549 423 1698 461 ratione
1726 433 1819 461 asse·

325 501 459 527 verare
490 489 579 526 licet
607 489 808 536 collegium
839 492 927 535 post
956 489 1140 535 temporis
1171 487 1335 534 spatium
1364 497 1440 524 non
1467 486 1524 523 ita
1556 485 1710 534 longum
1744 496 1829 523 esse

327 552 539 599 dilapsum,
576 562 659 588 cum
691 556 728 588 et
756 551 937 588 sacerdos
968 562 1065 587 unns
1094 554 1241 587 tantum
1271 553 1450 587 occurrat
1478 553 1516 586 et
1549 549 1652 586 tituli
1687 559 1832 594 omnes,

328 616 392 662 qui
429 615 571 651 servati
609 619 715 659 sunt,
753 615 833 651 sine
869 613 984 651 dubio
1021 613 1069 651 ad
1105 617 1288 660 quattuor
1322 611 1675 649 archithiasitarum
1710 621 1832 649 annos

328 689 449 724 prope
478 678 681 714 continuos
711 677 787 713 sint
813 675 1017 714 referendi.
1084 675 1188 713 Nihil
1217 679 1373 722 praeter
1401 685 1539 712 nomen
1571 674 1621 712 ad
1649 685 1718 712 nos
1745 684 1832 722 per-

327 741 431 776 venit
459 739 608 786 collegii
640 739 715 775 τῶν
746 739 802 780 εἷς
833 737 1008 775 Βιθυνίαν
1037 737 1330 774 καταπλεόντων
1359 733 1536 786 ἐμπόρων
1569 735 1634 773 καὶ
1669 735 1831 786 ναυκλή-

323 815 406 851 ρων
436 803 473 839 in
502 802 584 839 basi
620 806 812 839 servatum
850 806 1017 845 statuae.
1056 812 1169 848 quam
1206 801 1277 837 civi
1311 799 1461 838 cuidam
1491 799 1695 838 Nicaeensi
1730 798 1826 836 bene

327 864 374 902 de
404 876 443 901 se
473 865 608 901 merito
646 863 828 902 (fortasse
859 864 1007 910 collegii
1043 864 1241 910 participi)
1278 862 1522 900 statuendam
1550 862 1639 900 Deli
1674 871 1831 899 curave·

329 926 488 971 runt.⁴⁸)
551 927 639 964 Alia
668 928 782 964 etiam
813 925 931 963 fuisse
960 926 1121 973 collegia
1148 925 1332 963 credibile
1363 929 1422 962 est
1448 925 1636 973 nobisque
1666 924 1715 963 ob
1748 934 1829 962 earn

331 995 480 1028 tantum
511 1001 665 1027 causam
695 990 826 1036 ignota
854 989 1033 1027 videntur
1061 1000 1157 1035 esse,
1186 988 1288 1036 quod
1315 1000 1444 1026 eorum
1465 988 1721 1027 conciliabula
1739 998 1832 1026 non·

330 1053 418 1090 dum
448 1056 537 1090 sunt
565 1052 730 1089 inventa.

434 1115 604 1152 Alterius
640 1116 792 1162 generis
829 1115 988 1161 collegia
1025 1115 1101 1152 tria
1139 1115 1328 1156 novimus.
1365 1126 1463 1162 quae
1498 1115 1653 1152 nomina
1689 1113 1833 1152 habent

330 1189 353 1214 a
380 1178 595 1223 Mercurio,
633 1177 831 1224 Neptuno,
868 1178 1049 1224 Apolline
1078 1178 1205 1215 ducta.
1267 1177 1436 1223 Quorum
1465 1177 1577 1224 longe
1613 1177 1835 1224 antiquissi-

330 1252 430 1277 mum
466 1244 581 1287 atque
617 1240 952 1277 honoratissimum
987 1239 1138 1277 videtur
1165 1237 1406 1288 ‘praccrrffiv
1439 1243 1507 1277 aut
1541 1239 1831 1277 Mercurialium

335 1303 454 1340 fuisse
489 1301 768 1349 collegiun·,⁴⁹)
804 1314 899 1349 quos
934 1301 1021 1339 Deli
1058 1303 1185 1339 statim
1221 1307 1309 1349 post
1343 1302 1506 1339 insulam
1542 1302 1834 1340 Atheniensium

333 1365 474 1403 dicioni
510 1364 701 1402 subditam
742 1365 953 1401 invenimus
991 1363 1195 1411 (siquidem
1230 1367 1333 1400 recte
1369 1362 1582 1401 Homollius
1615 1363 1661 1400 A.
1691 1362 1837 1400 Teren-

332 1431 424 1466 tium
455 1429 668 1465 Varronem
698 1428 746 1465 ab
783 1429 828 1464 iis
864 1431 994 1464 statua
1031 1425 1317 1469 honoratum⁵0)
1355 1437 1470 1463 unum
1507 1437 1554 1464 ex
1587 1426 1724 1473 legatis
1759 1425 1836 1462 illis

333 1492 463 1529 decem
493 1495 580 1538 post
608 1490 754 1527 Persen
784 1489 974 1526 devictum
1003 1500 1026 1526 a
1053 1492 1189 1526 senatu
1217 1488 1257 1524 in
1286 1487 1490 1525 Graeciam
1518 1487 1568 1526 ad
1595 1499 1658 1526 res
1697 1488 1838 1525 consti·

332 1555 496 1592 tuendas
524 1554 649 1590 missis
680 1564 764 1590 esse
797 1553 1006 1599 opinatur),
1037 1555 1152 1598 atque
1181 1551 1440 1598 permansisse
1470 1551 1609 1588 scimus
1637 1553 1742 1588 certe
1775 1561 1838 1587 us-

334 1629 407 1664 que
418 1616 466 1662 ⁵¹)
495 1616 544 1654 ad
573 1616 616 1653 L.
646 1615 836 1652 Licinium
865 1614 1080 1660 Lucullum,
1109 1613 1162 1650 Μ.
1183 1613 1382 1650 Aurelium
1411 1611 1563 1651 Cottam
1591 1623 1686 1650 coss.
1720 1616 1770 1656 (a.
1799 1623 1836 1649 u.

334 1692 364 1717 c.
388 1685 460 1718 680
490 1697 532 1712 =
563 1683 608 1716 75
639 1690 672 1716 a.
695 1677 783 1715 Chr.
806 1684 871 1719 n.).
913 1675 1238 1713 Ἀπολλωνιαστῶν
1265 1679 1392 1713 autem
1424 1680 1462 1712 et
1492 1673 1838 1712 ΙΙοσειδωνιαστ-ῶν

334 1743 495 1789 collegia
530 1753 576 1778 ex
609 1741 674 1777 illo
711 1741 834 1778 solum
871 1744 1043 1787 tempore
1079 1740 1346 1784 innotuerunt,
1381 1749 1457 1785 quo
1492 1749 1577 1776 cum
1606 1737 1837 1775 Hermaistis

334 1806 539 1843 coniuncta
567 1802 733 1849 sunt,⁵²)
773 1815 847 1840 non
878 1802 925 1840 ob
954 1803 1067 1840 aliam
1097 1813 1269 1847 causam,
1299 1800 1434 1846 credo,
1464 1801 1537 1838 nisi
1565 1800 1670 1848 quod
1700 1800 1837 1838 horum

335 1867 631 1906 conciliabulum
661 1867 699 1902 in
729 1866 861 1903 schola
890 1866 1148 1903 Romanorum
1178 1876 1276 1912 quae
1305 1864 1447 1901 dicitur
1475 1867 1626 1901 erutum
1655 1867 1724 1909 est,
1755 1862 1838 1900 illo-

339 1943 420 1968 rum
451 1934 577 1967 autem
607 1929 766 1976 propria
795 1928 920 1965 adhuc
949 1928 1080 1964 latent.
1127 1926 1363 1964 Coaluerunt
1388 1927 1464 1963 tria
1496 1925 1592 1964 haec
1611 1925 1774 1972 collegia
1801 1925 1840 1962 in

336 2005 451 2031 unum
487 1994 560 2030 iam
597 1996 685 2029 ante
725 1990 792 2028 Cn.
830 1990 1047 2028 Cornelium
1082 1990 1309 2035 Lentulum,
1353 1988 1394 2026 P.
1430 1987 1619 2026 Licinium
1656 1986 1837 2025 Crassum

336 2068 432 2093 coss.
464 2063 513 2100 (a.
535 2067 570 2091 u.
600 2066 632 2091 c.
654 2059 726 2092 656
757 2073 798 2088 =
829 2058 876 2091 98
905 2065 939 2091 a.
963 2052 1050 2090 Chr.
1082 2051 1195 2097 n.)⁵³)
1224 2052 1292 2090 tali
1320 2051 1445 2098 modo,
1473 2054 1517 2088 ut
1543 2061 1630 2088 cum
1658 2049 1839 2087 concilia—

338 2121 467 2157 bulum
498 2129 612 2155 unum
643 2118 842 2163 haberent,
872 2122 950 2154 tum
981 2117 1184 2163 magistros
1205 2125 1424 2152 communes
1445 2112 1645 2150 duodecim
1665 2111 1726 2149 vel
1745 2122 1840 2159 qua-

337 2188 469 2220 ternos
498 2194 517 2218 e
547 2181 705 2227 singulis
734 2181 903 2227 collegiis
933 2180 1076 2217 electos
1105 2180 1143 2215 in
1172 2177 1371 2216 annum⁵⁴l
1399 2198 1448 2204 —
1486 2175 1562 2213 duo
1591 2175 1690 2213 enim
1720 2175 1838 2222 magi·

339 2251 504 2283 strorum
541 2243 705 2290 catalogi
741 2244 875 2290 paucis
910 2243 1020 2280 annis
1056 2241 1244 2278 distantes
1279 2252 1325 2277 ue
1362 2250 1476 2277 unum
1511 2237 1666 2286 quidem
1699 2247 1837 2275 nomen

429 2412 476 2454 ⁴8)
502 2408 684 2451 Meleagro
709 2406 943 2441 Zmertomari
969 2405 1010 2440 s.:
1038 2405 1130 2440 Bull.
1157 2404 1189 2439 d.
1216 2405 1313 2439 Corr.
1340 2402 1432 2437 Hell.
1458 2401 1520 2446 IV,
1545 2411 1579 2445 p.
1598 2403 1674 2436 222.

429 2469 475 2508 ⁴⁹)
502 2465 592 2499 Bull.
612 2465 643 2498 d.
660 2465 755 2497 Corr.
772 2463 864 2497 Hell.
883 2463 909 2506 Ι,
929 2474 960 2507 p.
980 2466 1063 2506 2843
1082 2462 1141 2505 IV,
1163 2473 1195 2506 p.
1215 2464 1293 2504 1903
1311 2459 1408 2501 V111,
1427 2470 1460 2504 p.
1475 2460 1530 2502 96,
1551 2460 1625 2502 108,
1648 2459 1842 2502 144—1453

341 2525 424 2560 ibid.
450 2525 478 2567 l,
505 2525 596 2567 1).Βῖ
624 2528 659 2560 (a
685 2521 834 2565 (ty-riano
861 2520 1088 2564 exscriptus).
1205 2520 1252 2561 ⁵⁰)
1278 2517 1367 2552 Ibid.
1393 2516 1421 2561 1,
1439 2527 1471 2561 p.
1491 2517 1567 2550 284.
1676 2514 1723 2559 ⁶¹)
1749 2512 1842 2549 lbid.

342 2582 437 2625 vni,
460 2593 492 2625 p.
516 2584 588 2614 145.
729 2578 772 2621 ⁶2)
799 2577 966 2620 1bid.1v‚
993 2589 1024 2621 p.
1050 2580 1126 2614 190:
1153 2575 1250 2619 vm,
1276 2586 1308 2619 p.
1334 2578 1411 2618 1453
1437 2572 1464 2617 1,
1489 2583 1522 2617 p.
1540 2573 1595 2606 8⁷.

432 2639 476 2682 5³)
501 2635 590 2671 lbid.
617 2635 676 2677 IV,
703 2645 735 2678 p.
760 2637 831 2668 190.
1017 2635 1063 2675 5⁴)
1089 2632 1177 2667 lbid.
1205 2631 1308 2675 VIII,
1334 2642 1367 2675 p.
1392 2633 1471 2674 1453
1505 2627 1671 2663 undecim
1700 2631 1784 2662 sunt
1807 2626 1844 2661 in

341 2696 462 2730 titulo:
488 2693 581 2729 Bull.
606 2691 638 2725 d.
665 2691 762 2725 Corr.
788 2690 879 2724 Hell.
906 2691 932 2734 l,
957 2693 1013 2734 87,
1040 2689 1101 2724 sed
1127 2689 1278 2724 fortasse
1303 2684 1531 2731 neglegentia
1554 2684 1689 2720 factum
1713 2687 1779 2728 est,
1804 2687 1845 2718 ut

343 2751 448 2786 unius
473 2760 600 2785 nomen
625 2745 866 2792 intercideret,
892 2757 971 2782 cum
997 2746 1122 2781 titulus
1147 2745 1205 2780 hic
1230 2749 1368 2779 tantum
1393 2754 1413 2779 e
1438 2741 1587 2788 cyriaco
1611 2745 1718 2777 notus
1742 2740 1800 2776 eit.
