<?xml version="1.0" encoding="UTF-8"?>
<!DOCTYPE html PUBLIC "-//W3C//DTD XHTML 1.0 Transitional//EN"
    "http://www.w3.org/TR/xhtml1/DTD/xhtml1-transitional.dtd">
<html xmlns="http://www.w3.org/1999/xhtml" xml:lang="en" lang="en">
 <head>
  <title>
</title>
<meta http-equiv="Content-Type" content="text/html;charset=utf-8" />
  <meta name='ocr-system' content='tesseract 3.04.00' />
  <meta name='ocr-capabilities' content='ocr_page ocr_carea ocr_par ocr_line ocrx_word'/>
</head>
<body>
  <div class='ocr_page' id='page_1' title='image "./dedeliinsulaereb00scho_0164.png"; bbox 0 0 1957 3293; ppageno 0'>
   <div class='ocr_carea' id='block_1_1' title="bbox 852 305 1162 346">
    <p class='ocr_par' dir='ltr' id='par_1_1' title="bbox 852 305 1162 346">
     <span class='ocr_line' id='line_1_1' title="bbox 852 305 1162 346; baseline 0.003 -1"><span class='ocrx_word' id='word_1_1' title='bbox 852 305 1162 346; x_wconf 79' lang='lat'>—152—</span> 
     </span>
    </p>
   </div>
   <div class='ocr_carea' id='block_1_2' title="bbox 258 428 1772 2421">
    <p class='ocr_par' dir='ltr' id='par_1_2' title="bbox 258 428 1772 2421">
     <span class='ocr_line' id='line_1_2' title="bbox 261 428 1761 478; baseline -0.001 -9"><span class='ocrx_word' id='word_1_2' title='bbox 261 431 460 469; x_wconf 87' lang='lat' dir='ltr'>obolorum</span> <span class='ocrx_word' id='word_1_3' title='bbox 483 430 540 468; x_wconf 85' lang='lat' dir='ltr'>vel</span> <span class='ocrx_word' id='word_1_4' title='bbox 563 430 676 467; x_wconf 86' lang='lat' dir='ltr'>etiam</span> <span class='ocrx_word' id='word_1_5' title='bbox 698 429 931 477; x_wconf 86' lang='lat' dir='ltr'>singulorum</span> <span class='ocrx_word' id='word_1_6' title='bbox 952 429 990 466; x_wconf 91' lang='lat' dir='ltr'>in</span> <span class='ocrx_word' id='word_1_7' title='bbox 1011 428 1092 467; x_wconf 90' lang='lat' dir='ltr'>dies</span> <span class='ocrx_word' id='word_1_8' title='bbox 1112 430 1311 477; x_wconf 84' lang='lat' dir='ltr'>singulos),</span> <span class='ocrx_word' id='word_1_9' title='bbox 1332 441 1444 478; x_wconf 88' lang='lat' dir='ltr'>quam</span> <span class='ocrx_word' id='word_1_10' title='bbox 1460 433 1503 468; x_wconf 90' lang='lat' dir='ltr'><strong>ut</strong></span> <span class='ocrx_word' id='word_1_11' title='bbox 1518 430 1623 468; x_wconf 86' lang='lat' dir='ltr'>credi</span> <span class='ocrx_word' id='word_1_12' title='bbox 1637 429 1761 478; x_wconf 83' lang='lat' dir='ltr'>possit</span> 
     </span>
     <span class='ocr_line' id='line_1_3' title="bbox 259 492 1759 542; baseline -0.001 -10"><span class='ocrx_word' id='word_1_13' title='bbox 259 505 486 542; x_wconf 85' lang='lat' dir='ltr'>quemquam</span> <span class='ocrx_word' id='word_1_14' title='bbox 513 504 559 531; x_wconf 87' lang='lat' dir='ltr'>ea</span> <span class='ocrx_word' id='word_1_15' title='bbox 579 492 739 530; x_wconf 89' lang='lat' dir='ltr'>conduci</span> <span class='ocrx_word' id='word_1_16' title='bbox 760 493 950 539; x_wconf 83' lang='lat' dir='ltr'>potuisse;</span> <span class='ocrx_word' id='word_1_17' title='bbox 977 493 1106 539; x_wconf 85' lang='lat' dir='ltr'>itaque</span> <span class='ocrx_word' id='word_1_18' title='bbox 1126 496 1219 540; x_wconf 86' lang='lat' dir='ltr'>puto</span> <span class='ocrx_word' id='word_1_19' title='bbox 1240 493 1472 540; x_wconf 81' lang='lat' dir='ltr'><strong>stipendium</strong></span> <span class='ocrx_word' id='word_1_20' title='bbox 1497 496 1646 531; x_wconf 89' lang='lat' dir='ltr'>tantum</span> <span class='ocrx_word' id='word_1_21' title='bbox 1675 503 1759 530; x_wconf 88' lang='lat' dir='ltr'>esse</span> 
     </span>
     <span class='ocr_line' id='line_1_4' title="bbox 258 553 1762 602; baseline -0.001 -8"><span class='ocrx_word' id='word_1_22' title='bbox 258 557 306 595; x_wconf 87' lang='lat' dir='ltr'>ad</span> <span class='ocrx_word' id='word_1_23' title='bbox 343 558 482 594; x_wconf 83' lang='lat' dir='ltr'>victum</span> <span class='ocrx_word' id='word_1_24' title='bbox 523 555 823 602; x_wconf 86' lang='lat' dir='ltr'>comparandum</span> <span class='ocrx_word' id='word_1_25' title='bbox 852 554 1049 592; x_wconf 89' lang='lat' dir='ltr'>tributum.</span> <span class='ocrx_word' id='word_1_26' title='bbox 1105 554 1156 592; x_wconf 88' lang='lat' dir='ltr'><strong>Et</strong></span> <span class='ocrx_word' id='word_1_27' title='bbox 1184 553 1430 593; x_wconf 86' lang='lat' dir='ltr'>confirmatur</span> <span class='ocrx_word' id='word_1_28' title='bbox 1456 566 1542 592; x_wconf 86' lang='lat' dir='ltr'>mea</span> <span class='ocrx_word' id='word_1_29' title='bbox 1569 554 1762 592; x_wconf 85' lang='lat' dir='ltr'>sententia</span> 
     </span>
     <span class='ocr_line' id='line_1_5' title="bbox 258 615 1761 667; baseline -0.003 -10"><span class='ocrx_word' id='word_1_30' title='bbox 258 631 304 657; x_wconf 84' lang='lat' dir='ltr'>ea</span> <span class='ocrx_word' id='word_1_31' title='bbox 339 631 399 664; x_wconf 86' lang='lat' dir='ltr'>re,</span> <span class='ocrx_word' id='word_1_32' title='bbox 443 618 546 667; x_wconf 90' lang='lat' dir='ltr'>quod</span> <span class='ocrx_word' id='word_1_33' title='bbox 581 618 714 656; x_wconf 89' lang='lat' dir='ltr'>eadem</span> <span class='ocrx_word' id='word_1_34' title='bbox 748 618 912 665; x_wconf 86' lang='lat' dir='ltr'>pecunia</span> <span class='ocrx_word' id='word_1_35' title='bbox 946 622 1036 659; x_wconf 79' lang='lat'>(120</span> <span class='ocrx_word' id='word_1_36' title='bbox 1072 616 1146 662; x_wconf 89' lang='lat' dir='ltr'>dr.)</span> <span class='ocrx_word' id='word_1_37' title='bbox 1184 629 1304 665; x_wconf 89' lang='lat' dir='ltr'>pensa</span> <span class='ocrx_word' id='word_1_38' title='bbox 1341 618 1481 656; x_wconf 86' lang='lat' dir='ltr'>dicitur</span> <span class='ocrx_word' id='word_1_39' title='bbox 1515 617 1639 655; x_wconf 89' lang='lat' dir='ltr'>tribus</span> <span class='ocrx_word' id='word_1_40' title='bbox 1674 615 1761 654; x_wconf 85' lang='lat' dir='ltr'>aliis</span> 
     </span>
     <span class='ocr_line' id='line_1_6' title="bbox 259 677 1762 729; baseline -0.003 -10"><span class='ocrx_word' id='word_1_41' title='bbox 259 681 475 719; x_wconf 91' lang='lat' dir='ltr'>hominibus</span> <span class='ocrx_word' id='word_1_42' title='bbox 511 681 748 729; x_wconf 84' lang='lat' dir='ltr'>(Apollonio,</span> <span class='ocrx_word' id='word_1_43' title='bbox 776 679 915 728; x_wconf 84' lang='lat' dir='ltr'>Carpo,</span> <span class='ocrx_word' id='word_1_44' title='bbox 936 679 1147 728; x_wconf 83' lang='lat' dir='ltr'>Stephano)</span> <span class='ocrx_word' id='word_1_45' title='bbox 1177 679 1397 729; x_wconf 57' lang='lat' dir='ltr'>ccrspc—:oe&#39;ou</span> <span class='ocrx_word' id='word_1_46' title='bbox 1426 680 1590 725; x_wconf 86' lang='lat' dir='ltr'>nomine,</span> <span class='ocrx_word' id='word_1_47' title='bbox 1618 677 1762 718; x_wconf 85' lang='lat' dir='ltr'>additis</span> 
     </span>
     <span class='ocr_line' id='line_1_7' title="bbox 259 740 1763 793; baseline -0.002 -11"><span class='ocrx_word' id='word_1_48' title='bbox 259 745 386 793; x_wconf 86' lang='lat' dir='ltr'>quinis</span> <span class='ocrx_word' id='word_1_49' title='bbox 415 744 522 782; x_wconf 90' lang='lat' dir='ltr'>denis</span> <span class='ocrx_word' id='word_1_50' title='bbox 559 743 751 781; x_wconf 85' lang='lat' dir='ltr'>drachmis</span> <span class='ocrx_word' id='word_1_51' title='bbox 780 743 818 779; x_wconf 94' lang='lat' dir='ltr'>in</span> <span class='ocrx_word' id='word_1_52' title='bbox 853 742 1089 787; x_wconf 76' lang='lat' dir='ltr'>vestem:¹⁶⁶)</span> <span class='ocrx_word' id='word_1_53' title='bbox 1127 754 1222 790; x_wconf 91' lang='lat' dir='ltr'>quos</span> <span class='ocrx_word' id='word_1_54' title='bbox 1252 742 1469 780; x_wconf 86' lang='lat' dir='ltr'>Homollius</span> <span class='ocrx_word' id='word_1_55' title='bbox 1506 742 1643 780; x_wconf 80' lang='lat' dir='ltr'><strong>statuit</strong></span> <span class='ocrx_word' id='word_1_56' title='bbox 1675 740 1763 778; x_wconf 84' lang='lat' dir='ltr'>tibi-</span> 
     </span>
     <span class='ocr_line' id='line_1_8' title="bbox 259 804 1763 854; baseline -0.002 -9"><span class='ocrx_word' id='word_1_57' title='bbox 259 809 363 846; x_wconf 92' lang='lat' dir='ltr'>cines</span> <span class='ocrx_word' id='word_1_58' title='bbox 399 818 503 853; x_wconf 88' lang='lat' dir='ltr'>esse,</span> <span class='ocrx_word' id='word_1_59' title='bbox 545 805 648 854; x_wconf 91' lang='lat' dir='ltr'>quod</span> <span class='ocrx_word' id='word_1_60' title='bbox 683 806 806 853; x_wconf 81' lang='lat' dir='ltr'><strong>ipsam</strong></span> <span class='ocrx_word' id='word_1_61' title='bbox 843 805 942 842; x_wconf 90' lang='lat' dir='ltr'>hanc</span> <span class='ocrx_word' id='word_1_62' title='bbox 975 805 1189 843; x_wconf 86' lang='lat' dir='ltr'>mercedem</span> <span class='ocrx_word' id='word_1_63' title='bbox 1225 805 1311 843; x_wconf 87' lang='lat' dir='ltr'>aliis</span> <span class='ocrx_word' id='word_1_64' title='bbox 1350 806 1390 842; x_wconf 93' lang='lat' dir='ltr'>in</span> <span class='ocrx_word' id='word_1_65' title='bbox 1417 805 1539 843; x_wconf 89' lang='lat' dir='ltr'><strong>titulis</strong></span> <span class='ocrx_word' id='word_1_66' title='bbox 1569 804 1763 852; x_wconf 79' lang='lat' dir='ltr'>accepisse</span> 
     </span>
     <span class='ocr_line' id='line_1_9' title="bbox 261 864 1763 916; baseline -0.004 -7"><span class='ocrx_word' id='word_1_67' title='bbox 261 871 414 909; x_wconf 85' lang='lat' dir='ltr'>dicatur</span> <span class='ocrx_word' id='word_1_68' title='bbox 451 870 594 908; x_wconf 85' lang='lat' dir='ltr'><strong>tibicen</strong></span> <span class='ocrx_word' id='word_1_69' title='bbox 623 873 661 906; x_wconf 90' lang='lat' dir='ltr'>et</span> <span class='ocrx_word' id='word_1_70' title='bbox 688 868 854 906; x_wconf 88' lang='lat' dir='ltr'>Demare</span> <span class='ocrx_word' id='word_1_71' title='bbox 885 867 1067 906; x_wconf 83' lang='lat' dir='ltr'>archonte</span> <span class='ocrx_word' id='word_1_72' title='bbox 1097 867 1365 916; x_wconf 80' lang='lat' dir='ltr'>acceperit¹⁶⁷)</span> <span class='ocrx_word' id='word_1_73' title='bbox 1395 867 1626 906; x_wconf 83' lang='lat' dir='ltr'>Philumena</span> <span class='ocrx_word' id='word_1_74' title='bbox 1651 864 1763 916; x_wconf 79' lang='grc' dir='ltr'><em>αὐλη-</em></span> 
     </span>
     <span class='ocr_line' id='line_1_10' title="bbox 261 930 1764 982; baseline -0.001 -14"><span class='ocrx_word' id='word_1_75' title='bbox 261 933 344 982; x_wconf 79' lang='grc' dir='ltr'>τρίς</span> <span class='ocrx_word' id='word_1_76' title='bbox 372 933 450 977; x_wconf 89' lang='lat' dir='ltr'>(cui</span> <span class='ocrx_word' id='word_1_77' title='bbox 483 933 558 970; x_wconf 87' lang='lat' dir='ltr'>alio</span> <span class='ocrx_word' id='word_1_78' title='bbox 584 932 667 969; x_wconf 93' lang='lat' dir='ltr'>loco</span> <span class='ocrx_word' id='word_1_79' title='bbox 697 930 827 968; x_wconf 85' lang='lat' dir='ltr'>itidem</span> <span class='ocrx_word' id='word_1_80' title='bbox 854 931 988 978; x_wconf 85' lang='lat' dir='ltr'>viginti</span> <span class='ocrx_word' id='word_1_81' title='bbox 1017 930 1220 969; x_wconf 79' lang='lat' dir='ltr'>drachmae</span> <span class='ocrx_word' id='word_1_82' title='bbox 1249 930 1545 977; x_wconf 63' lang='lat' dir='ltr'>tribuunturm)</span> <span class='ocrx_word' id='word_1_83' title='bbox 1574 930 1624 970; x_wconf 84' lang='lat' dir='ltr'>ad</span> <span class='ocrx_word' id='word_1_84' title='bbox 1651 930 1764 968; x_wconf 88' lang='lat' dir='ltr'>vesti-</span> 
     </span>
     <span class='ocr_line' id='line_1_11' title="bbox 260 992 1765 1043; baseline -0.003 -9"><span class='ocrx_word' id='word_1_85' title='bbox 260 1000 339 1033; x_wconf 90' lang='lat' dir='ltr'>tum</span> <span class='ocrx_word' id='word_1_86' title='bbox 377 994 706 1043; x_wconf 83' lang='lat' dir='ltr'>comparandum).</span> <span class='ocrx_word' id='word_1_87' title='bbox 765 993 932 1031; x_wconf 88' lang='lat' dir='ltr'>Prorsus</span> <span class='ocrx_word' id='word_1_88' title='bbox 967 994 1001 1031; x_wconf 92' lang='lat' dir='ltr'>ei</span> <span class='ocrx_word' id='word_1_89' title='bbox 1036 995 1226 1032; x_wconf 86' lang='lat' dir='ltr'>assentior</span> <span class='ocrx_word' id='word_1_90' title='bbox 1255 995 1293 1031; x_wconf 92' lang='lat' dir='ltr'>in</span> <span class='ocrx_word' id='word_1_91' title='bbox 1322 993 1396 1032; x_wconf 91' lang='lat' dir='ltr'>hac</span> <span class='ocrx_word' id='word_1_92' title='bbox 1424 1005 1466 1032; x_wconf 90' lang='lat' dir='ltr'>re</span> <span class='ocrx_word' id='word_1_93' title='bbox 1495 997 1612 1042; x_wconf 81' lang='lat' dir='ltr'>atque</span> <span class='ocrx_word' id='word_1_94' title='bbox 1640 992 1765 1031; x_wconf 87' lang='lat' dir='ltr'>adicio</span> 
     </span>
     <span class='ocr_line' id='line_1_12' title="bbox 260 1056 1765 1107; baseline -0.001 -11"><span class='ocrx_word' id='word_1_95' title='bbox 260 1071 330 1106; x_wconf 89' lang='lat' dir='ltr'>pro</span> <span class='ocrx_word' id='word_1_96' title='bbox 367 1062 473 1096; x_wconf 87' lang='lat' dir='ltr'>certo</span> <span class='ocrx_word' id='word_1_97' title='bbox 502 1069 560 1095; x_wconf 93' lang='lat' dir='ltr'>me</span> <span class='ocrx_word' id='word_1_98' title='bbox 589 1057 733 1095; x_wconf 90' lang='lat' dir='ltr'>habere</span> <span class='ocrx_word' id='word_1_99' title='bbox 764 1068 894 1094; x_wconf 90' lang='lat' dir='ltr'>omnes</span> <span class='ocrx_word' id='word_1_100' title='bbox 924 1056 993 1094; x_wconf 93' lang='lat' dir='ltr'>hos</span> <span class='ocrx_word' id='word_1_101' title='bbox 1022 1057 1236 1104; x_wconf 86' lang='lat' dir='ltr'>ministros,</span> <span class='ocrx_word' id='word_1_102' title='bbox 1266 1060 1344 1095; x_wconf 88' lang='lat' dir='ltr'>tam</span> <span class='ocrx_word' id='word_1_103' title='bbox 1378 1056 1621 1107; x_wconf 84' lang='grc' dir='ltr'><em>νεωκόρους,</em></span> <span class='ocrx_word' id='word_1_104' title='bbox 1650 1067 1765 1105; x_wconf 84' lang='lat' dir='ltr'>quam</span> 
     </span>
     <span class='ocr_line' id='line_1_13' title="bbox 261 1119 1765 1167; baseline -0.001 -9"><span class='ocrx_word' id='word_1_105' title='bbox 261 1121 451 1165; x_wconf 85' lang='lat' dir='ltr'>tibicines,</span> <span class='ocrx_word' id='word_1_106' title='bbox 481 1133 556 1159; x_wconf 90' lang='lat' dir='ltr'>non</span> <span class='ocrx_word' id='word_1_107' title='bbox 586 1121 728 1158; x_wconf 92' lang='lat' dir='ltr'>liberos</span> <span class='ocrx_word' id='word_1_108' title='bbox 761 1132 844 1157; x_wconf 88' lang='lat' dir='ltr'>esse</span> <span class='ocrx_word' id='word_1_109' title='bbox 873 1119 1046 1158; x_wconf 87' lang='lat' dir='ltr'>homines</span> <span class='ocrx_word' id='word_1_110' title='bbox 1077 1120 1251 1158; x_wconf 88' lang='lat' dir='ltr'>mercede</span> <span class='ocrx_word' id='word_1_111' title='bbox 1281 1119 1509 1167; x_wconf 90' lang='lat' dir='ltr'>conductos,</span> <span class='ocrx_word' id='word_1_112' title='bbox 1539 1119 1607 1157; x_wconf 88' lang='lat' dir='ltr'>sed</span> <span class='ocrx_word' id='word_1_113' title='bbox 1634 1129 1765 1157; x_wconf 91' lang='lat' dir='ltr'>servos</span> 
     </span>
     <span class='ocr_line' id='line_1_14' title="bbox 263 1179 1766 1231; baseline -0.001 -11"><span class='ocrx_word' id='word_1_114' title='bbox 263 1184 321 1222; x_wconf 82' lang='lat' dir='ltr'>vel</span> <span class='ocrx_word' id='word_1_115' title='bbox 358 1184 531 1231; x_wconf 88' lang='lat' dir='ltr'>publicos</span> <span class='ocrx_word' id='word_1_116' title='bbox 567 1184 733 1221; x_wconf 85' lang='lat' dir='ltr'>civitatis</span> <span class='ocrx_word' id='word_1_117' title='bbox 769 1183 828 1220; x_wconf 89' lang='lat' dir='ltr'>vel</span> <span class='ocrx_word' id='word_1_118' title='bbox 864 1182 925 1220; x_wconf 92' lang='lat' dir='ltr'>dei</span> <span class='ocrx_word' id='word_1_119' title='bbox 954 1184 1153 1231; x_wconf 86' lang='lat' dir='ltr'>proprios,</span> <span class='ocrx_word' id='word_1_120' title='bbox 1191 1183 1333 1231; x_wconf 90' lang='lat' dir='ltr'>quibus</span> <span class='ocrx_word' id='word_1_121' title='bbox 1369 1183 1483 1222; x_wconf 91' lang='lat' dir='ltr'>modo</span> <span class='ocrx_word' id='word_1_122' title='bbox 1517 1182 1682 1231; x_wconf 88' lang='lat' dir='ltr'>pecunia</span> <span class='ocrx_word' id='word_1_123' title='bbox 1716 1179 1766 1219; x_wconf 91' lang='lat' dir='ltr'>ad</span> 
     </span>
     <span class='ocr_line' id='line_1_15' title="bbox 263 1245 1766 1292; baseline -0.001 -8"><span class='ocrx_word' id='word_1_124' title='bbox 263 1247 494 1284; x_wconf 86' lang='lat' dir='ltr'>frumentum</span> <span class='ocrx_word' id='word_1_125' title='bbox 517 1246 717 1284; x_wconf 89' lang='lat' dir='ltr'>emendum</span> <span class='ocrx_word' id='word_1_126' title='bbox 746 1247 796 1283; x_wconf 90' lang='lat' dir='ltr'><strong>sit</strong></span> <span class='ocrx_word' id='word_1_127' title='bbox 823 1245 971 1283; x_wconf 87' lang='lat' dir='ltr'>tributa</span> <span class='ocrx_word' id='word_1_128' title='bbox 1000 1249 1037 1283; x_wconf 91' lang='lat' dir='ltr'>et</span> <span class='ocrx_word' id='word_1_129' title='bbox 1065 1245 1297 1292; x_wconf 85' lang='lat' dir='ltr'>aliquotiens</span> <span class='ocrx_word' id='word_1_130' title='bbox 1329 1245 1379 1284; x_wconf 91' lang='lat' dir='ltr'>ad</span> <span class='ocrx_word' id='word_1_131' title='bbox 1407 1245 1584 1283; x_wconf 90' lang='lat' dir='ltr'>vestitum</span> <span class='ocrx_word' id='word_1_132' title='bbox 1613 1255 1766 1292; x_wconf 88' lang='lat' dir='ltr'>compa-</span> 
     </span>
     <span class='ocr_line' id='line_1_16' title="bbox 263 1307 1766 1356; baseline -0.001 -10"><span class='ocrx_word' id='word_1_133' title='bbox 263 1309 442 1354; x_wconf 79' lang='lat' dir='ltr'>randum3</span> <span class='ocrx_word' id='word_1_134' title='bbox 495 1312 618 1355; x_wconf 86' lang='lat' dir='ltr'>certe,</span> <span class='ocrx_word' id='word_1_135' title='bbox 661 1312 846 1356; x_wconf 87' lang='lat' dir='ltr'>quantum</span> <span class='ocrx_word' id='word_1_136' title='bbox 888 1307 1042 1355; x_wconf 89' lang='lat' dir='ltr'>quidem</span> <span class='ocrx_word' id='word_1_137' title='bbox 1083 1309 1276 1355; x_wconf 89' lang='lat' dir='ltr'>cognitum</span> <span class='ocrx_word' id='word_1_138' title='bbox 1317 1307 1524 1354; x_wconf 89' lang='lat' dir='ltr'>habemus,</span> <span class='ocrx_word' id='word_1_139' title='bbox 1567 1317 1766 1355; x_wconf 89' lang='lat' dir='ltr'>nunquam</span> 
     </span>
     <span class='ocr_line' id='line_1_17' title="bbox 265 1369 1767 1418; baseline -0.002 -9"><span class='ocrx_word' id='word_1_140' title='bbox 265 1371 481 1409; x_wconf 91' lang='lat' dir='ltr'>hominibus</span> <span class='ocrx_word' id='word_1_141' title='bbox 517 1371 649 1409; x_wconf 88' lang='lat' dir='ltr'>liberis</span> <span class='ocrx_word' id='word_1_142' title='bbox 685 1371 849 1418; x_wconf 87' lang='lat' dir='ltr'>pecunia</span> <span class='ocrx_word' id='word_1_143' title='bbox 884 1370 933 1408; x_wconf 89' lang='lat' dir='ltr'>ad</span> <span class='ocrx_word' id='word_1_144' title='bbox 971 1374 1115 1408; x_wconf 87' lang='lat' dir='ltr'>vestem</span> <span class='ocrx_word' id='word_1_145' title='bbox 1151 1370 1349 1409; x_wconf 84' lang='lat' dir='ltr'>emendam</span> <span class='ocrx_word' id='word_1_146' title='bbox 1383 1381 1505 1418; x_wconf 87' lang='lat' dir='ltr'>pensa</span> <span class='ocrx_word' id='word_1_147' title='bbox 1538 1374 1618 1417; x_wconf 86' lang='lat' dir='ltr'>est,</span> <span class='ocrx_word' id='word_1_148' title='bbox 1645 1369 1767 1408; x_wconf 87' lang='lat' dir='ltr'>servis</span> 
     </span>
     <span class='ocr_line' id='line_1_18' title="bbox 265 1431 1766 1481; baseline -0.003 -9"><span class='ocrx_word' id='word_1_149' title='bbox 265 1439 392 1473; x_wconf 89' lang='lat' dir='ltr'>autem</span> <span class='ocrx_word' id='word_1_150' title='bbox 415 1446 490 1472; x_wconf 89' lang='lat' dir='ltr'>non</span> <span class='ocrx_word' id='word_1_151' title='bbox 511 1445 618 1472; x_wconf 87' lang='lat' dir='ltr'>raro:</span> <span class='ocrx_word' id='word_1_152' title='bbox 649 1433 751 1481; x_wconf 89' lang='lat' dir='ltr'>quod</span> <span class='ocrx_word' id='word_1_153' title='bbox 779 1433 921 1472; x_wconf 86' lang='lat' dir='ltr'>factum</span> <span class='ocrx_word' id='word_1_154' title='bbox 951 1445 1035 1471; x_wconf 90' lang='lat' dir='ltr'>esse</span> <span class='ocrx_word' id='word_1_155' title='bbox 1065 1434 1237 1481; x_wconf 87' lang='lat' dir='ltr'>legimus,</span> <span class='ocrx_word' id='word_1_156' title='bbox 1265 1438 1309 1471; x_wconf 91' lang='lat' dir='ltr'><strong>ut</strong></span> <span class='ocrx_word' id='word_1_157' title='bbox 1335 1433 1550 1481; x_wconf 87' lang='lat' dir='ltr'>exemplum</span> <span class='ocrx_word' id='word_1_158' title='bbox 1580 1431 1766 1479; x_wconf 84' lang='lat' dir='ltr'>adferam,</span> 
     </span>
     <span class='ocr_line' id='line_1_19' title="bbox 265 1495 1768 1544; baseline -0.002 -9"><span class='ocrx_word' id='word_1_159' title='bbox 265 1499 303 1535; x_wconf 90' lang='lat' dir='ltr'>in</span> <span class='ocrx_word' id='word_1_160' title='bbox 343 1497 454 1535; x_wconf 90' lang='lat' dir='ltr'><strong>titulo</strong></span> <span class='ocrx_word' id='word_1_161' title='bbox 492 1496 691 1534; x_wconf 88' lang='lat' dir='ltr'>Eleusinio</span> <span class='ocrx_word' id='word_1_162' title='bbox 727 1507 845 1544; x_wconf 86' lang='lat' dir='ltr'>supra</span> <span class='ocrx_word' id='word_1_163' title='bbox 880 1497 953 1534; x_wconf 90' lang='lat' dir='ltr'>iam</span> <span class='ocrx_word' id='word_1_164' title='bbox 998 1495 1389 1540; x_wconf 65' lang='lat' dir='ltr'>commemorato‚¹⁶⁹i</span> <span class='ocrx_word' id='word_1_165' title='bbox 1431 1495 1498 1533; x_wconf 93' lang='lat' dir='ltr'>ubi</span> <span class='ocrx_word' id='word_1_166' title='bbox 1538 1496 1659 1534; x_wconf 91' lang='lat' dir='ltr'>servis</span> <span class='ocrx_word' id='word_1_167' title='bbox 1698 1505 1768 1542; x_wconf 89' lang='lat' dir='ltr'>pu-</span> 
     </span>
     <span class='ocr_line' id='line_1_20' title="bbox 268 1557 1767 1608; baseline -0.001 -11"><span class='ocrx_word' id='word_1_168' title='bbox 268 1560 378 1597; x_wconf 91' lang='lat' dir='ltr'><strong>blicis</strong></span> <span class='ocrx_word' id='word_1_169' title='bbox 407 1559 455 1597; x_wconf 91' lang='lat' dir='ltr'>ad</span> <span class='ocrx_word' id='word_1_170' title='bbox 486 1571 605 1607; x_wconf 87' lang='lat' dir='ltr'>opera</span> <span class='ocrx_word' id='word_1_171' title='bbox 633 1558 810 1597; x_wconf 86' lang='lat' dir='ltr'>facienda</span> <span class='ocrx_word' id='word_1_172' title='bbox 844 1559 1027 1597; x_wconf 89' lang='lat' dir='ltr'><strong>adhibitis</strong></span> <span class='ocrx_word' id='word_1_173' title='bbox 1063 1557 1189 1608; x_wconf 78' lang='grc' dir='ltr'><em>τροφὴ</em></span> <span class='ocrx_word' id='word_1_174' title='bbox 1223 1558 1364 1596; x_wconf 88' lang='lat' dir='ltr'>dicitur</span> <span class='ocrx_word' id='word_1_175' title='bbox 1399 1557 1546 1596; x_wconf 89' lang='lat' dir='ltr'>tributa</span> <span class='ocrx_word' id='word_1_176' title='bbox 1579 1558 1767 1595; x_wconf 83' lang='lat' dir='ltr'>trinorum</span> 
     </span>
     <span class='ocr_line' id='line_1_21' title="bbox 268 1618 1767 1669; baseline -0.001 -10"><span class='ocrx_word' id='word_1_177' title='bbox 268 1622 466 1660; x_wconf 86' lang='lat' dir='ltr'>obolorum</span> <span class='ocrx_word' id='word_1_178' title='bbox 486 1633 556 1669; x_wconf 91' lang='lat' dir='ltr'>pro</span> <span class='ocrx_word' id='word_1_179' title='bbox 577 1621 736 1668; x_wconf 85' lang='lat' dir='ltr'>singulis</span> <span class='ocrx_word' id='word_1_180' title='bbox 765 1620 901 1659; x_wconf 91' lang='lat' dir='ltr'>diebus</span> <span class='ocrx_word' id='word_1_181' title='bbox 932 1643 980 1648; x_wconf 93' lang='lat'><strong>—</strong></span> <span class='ocrx_word' id='word_1_182' title='bbox 1009 1621 1095 1668; x_wconf 91' lang='lat' dir='ltr'>plus</span> <span class='ocrx_word' id='word_1_183' title='bbox 1123 1622 1250 1668; x_wconf 85' lang='lat' dir='ltr'>igitur,</span> <span class='ocrx_word' id='word_1_184' title='bbox 1279 1632 1393 1669; x_wconf 90' lang='lat' dir='ltr'>quam</span> <span class='ocrx_word' id='word_1_185' title='bbox 1423 1619 1525 1668; x_wconf 90' lang='lat' dir='ltr'>quod</span> <span class='ocrx_word' id='word_1_186' title='bbox 1549 1619 1637 1658; x_wconf 88' lang='lat' dir='ltr'><strong>Deli</strong></span> <span class='ocrx_word' id='word_1_187' title='bbox 1663 1618 1767 1658; x_wconf 86' lang='lat' dir='ltr'>aedi-</span> 
     </span>
     <span class='ocr_line' id='line_1_22' title="bbox 266 1683 1768 1731; baseline -0.001 -9"><span class='ocrx_word' id='word_1_188' title='bbox 266 1686 342 1722; x_wconf 84' lang='lat' dir='ltr'><strong>tuis</strong></span> <span class='ocrx_word' id='word_1_189' title='bbox 379 1689 416 1722; x_wconf 88' lang='lat' dir='ltr'>et</span> <span class='ocrx_word' id='word_1_190' title='bbox 451 1683 671 1722; x_wconf 91' lang='lat' dir='ltr'>tibicinibus</span> <span class='ocrx_word' id='word_1_191' title='bbox 707 1683 884 1722; x_wconf 85' lang='lat' dir='ltr'>dabatur.</span> <span class='ocrx_word' id='word_1_192' title='bbox 941 1683 1119 1722; x_wconf 89' lang='lat' dir='ltr'>Ceterum</span> <span class='ocrx_word' id='word_1_193' title='bbox 1148 1695 1223 1722; x_wconf 88' lang='lat' dir='ltr'>non</span> <span class='ocrx_word' id='word_1_194' title='bbox 1252 1695 1362 1722; x_wconf 90' lang='lat' dir='ltr'>omne</span> <span class='ocrx_word' id='word_1_195' title='bbox 1390 1687 1542 1731; x_wconf 88' lang='lat' dir='ltr'>tempus</span> <span class='ocrx_word' id='word_1_196' title='bbox 1569 1693 1768 1721; x_wconf 89' lang='lat' dir='ltr'>consume-</span> 
     </span>
     <span class='ocr_line' id='line_1_23' title="bbox 265 1744 1768 1795; baseline -0.001 -11"><span class='ocrx_word' id='word_1_197' title='bbox 265 1748 357 1785; x_wconf 89' lang='lat' dir='ltr'><strong>bant</strong></span> <span class='ocrx_word' id='word_1_198' title='bbox 379 1746 514 1785; x_wconf 83' lang='lat' dir='ltr'>officiis</span> <span class='ocrx_word' id='word_1_199' title='bbox 542 1748 580 1784; x_wconf 90' lang='lat' dir='ltr'>in</span> <span class='ocrx_word' id='word_1_200' title='bbox 610 1747 751 1795; x_wconf 90' lang='lat' dir='ltr'>templo</span> <span class='ocrx_word' id='word_1_201' title='bbox 782 1746 966 1785; x_wconf 86' lang='lat' dir='ltr'>faciendis</span> <span class='ocrx_word' id='word_1_202' title='bbox 995 1758 1119 1794; x_wconf 91' lang='lat' dir='ltr'>neque</span> <span class='ocrx_word' id='word_1_203' title='bbox 1149 1748 1202 1786; x_wconf 89' lang='lat' dir='ltr'>eis</span> <span class='ocrx_word' id='word_1_204' title='bbox 1231 1757 1306 1785; x_wconf 91' lang='lat' dir='ltr'>non</span> <span class='ocrx_word' id='word_1_205' title='bbox 1335 1746 1487 1793; x_wconf 87' lang='lat' dir='ltr'><strong>licebat,</strong></span> <span class='ocrx_word' id='word_1_206' title='bbox 1515 1744 1644 1793; x_wconf 90' lang='lat' dir='ltr'>credo,</span> <span class='ocrx_word' id='word_1_207' title='bbox 1673 1745 1768 1784; x_wconf 89' lang='lat' dir='ltr'>alibi</span> 
     </span>
     <span class='ocr_line' id='line_1_24' title="bbox 265 1808 1770 1857; baseline -0.001 -10"><span class='ocrx_word' id='word_1_208' title='bbox 265 1809 478 1848; x_wconf 86' lang='lat' dir='ltr'>mercedem</span> <span class='ocrx_word' id='word_1_209' title='bbox 500 1810 715 1857; x_wconf 86' lang='lat' dir='ltr'>acquirere,</span> <span class='ocrx_word' id='word_1_210' title='bbox 747 1810 921 1857; x_wconf 86' lang='lat' dir='ltr'>inprimis</span> <span class='ocrx_word' id='word_1_211' title='bbox 942 1809 1175 1847; x_wconf 91' lang='lat' dir='ltr'>tibicinibus.</span> <span class='ocrx_word' id='word_1_212' title='bbox 1218 1809 1321 1847; x_wconf 89' lang='lat' dir='ltr'>Idem</span> <span class='ocrx_word' id='word_1_213' title='bbox 1342 1808 1506 1847; x_wconf 76' lang='lat' dir='ltr'>fortasse</span> <span class='ocrx_word' id='word_1_214' title='bbox 1526 1811 1585 1846; x_wconf 86' lang='lat' dir='ltr'>est</span> <span class='ocrx_word' id='word_1_215' title='bbox 1599 1811 1770 1846; x_wconf 83' lang='lat' dir='ltr'>statuen-</span> 
     </span>
     <span class='ocr_line' id='line_1_25' title="bbox 266 1869 1768 1920; baseline -0.002 -10"><span class='ocrx_word' id='word_1_216' title='bbox 266 1872 353 1910; x_wconf 93' lang='lat' dir='ltr'>dum</span> <span class='ocrx_word' id='word_1_217' title='bbox 383 1873 429 1909; x_wconf 92' lang='lat' dir='ltr'>de</span> <span class='ocrx_word' id='word_1_218' title='bbox 452 1872 747 1920; x_wconf 76' lang='lat' dir='ltr'>Inopophylace,</span> <span class='ocrx_word' id='word_1_219' title='bbox 777 1873 843 1920; x_wconf 90' lang='lat' dir='ltr'>qui</span> <span class='ocrx_word' id='word_1_220' title='bbox 870 1884 941 1920; x_wconf 90' lang='lat' dir='ltr'>per</span> <span class='ocrx_word' id='word_1_221' title='bbox 969 1884 1035 1910; x_wconf 90' lang='lat' dir='ltr'>sex</span> <span class='ocrx_word' id='word_1_222' title='bbox 1064 1884 1214 1910; x_wconf 90' lang='lat' dir='ltr'>menses</span> <span class='ocrx_word' id='word_1_223' title='bbox 1243 1877 1289 1910; x_wconf 84' lang='lat'>45</span> <span class='ocrx_word' id='word_1_224' title='bbox 1311 1872 1368 1909; x_wconf 92' lang='lat' dir='ltr'>dr.</span> <span class='ocrx_word' id='word_1_225' title='bbox 1397 1870 1624 1919; x_wconf 80' lang='lat' dir='ltr'>accipiebat,</span> <span class='ocrx_word' id='word_1_226' title='bbox 1653 1873 1693 1908; x_wconf 87' lang='lat' dir='ltr'>et</span> <span class='ocrx_word' id='word_1_227' title='bbox 1721 1869 1768 1908; x_wconf 91' lang='lat' dir='ltr'>de</span> 
     </span>
     <span class='ocr_line' id='line_1_26' title="bbox 267 1932 1770 1983; baseline -0.001 -11"><span class='ocrx_word' id='word_1_228' title='bbox 267 1946 478 1983; x_wconf 86' lang='lat' dir='ltr'>praecone,</span> <span class='ocrx_word' id='word_1_229' title='bbox 511 1936 570 1972; x_wconf 90' lang='lat' dir='ltr'>cui</span> <span class='ocrx_word' id='word_1_230' title='bbox 601 1940 648 1973; x_wconf 90' lang='lat'>60</span> <span class='ocrx_word' id='word_1_231' title='bbox 679 1935 735 1972; x_wconf 89' lang='lat' dir='ltr'>dr.</span> <span class='ocrx_word' id='word_1_232' title='bbox 767 1934 988 1973; x_wconf 85' lang='lat' dir='ltr'>scribuntur</span> <span class='ocrx_word' id='word_1_233' title='bbox 1015 1934 1251 1982; x_wconf 86' lang='lat' dir='ltr'>pensae;¹⁷⁰)</span> <span class='ocrx_word' id='word_1_234' title='bbox 1281 1944 1511 1983; x_wconf 87' lang='lat' dir='ltr'>quamquam</span> <span class='ocrx_word' id='word_1_235' title='bbox 1541 1932 1770 1971; x_wconf 87' lang='lat' dir='ltr'>crediderim</span> 
     </span>
     <span class='ocr_line' id='line_1_27' title="bbox 266 1996 1770 2045; baseline 0 -11"><span class='ocrx_word' id='word_1_236' title='bbox 266 1998 369 2035; x_wconf 89' lang='lat' dir='ltr'>hunc</span> <span class='ocrx_word' id='word_1_237' title='bbox 409 1998 543 2035; x_wconf 78' lang='lat' dir='ltr'>saltem</span> <span class='ocrx_word' id='word_1_238' title='bbox 580 1997 741 2035; x_wconf 90' lang='lat' dir='ltr'>liberum</span> <span class='ocrx_word' id='word_1_239' title='bbox 779 1997 896 2035; x_wconf 86' lang='lat' dir='ltr'>fuisse</span> <span class='ocrx_word' id='word_1_240' title='bbox 931 1997 1119 2035; x_wconf 88' lang='lat' dir='ltr'>hominem</span> <span class='ocrx_word' id='word_1_241' title='bbox 1147 2008 1402 2045; x_wconf 87' lang='lat' dir='ltr'>parvamque,</span> <span class='ocrx_word' id='word_1_242' title='bbox 1437 2007 1535 2045; x_wconf 86' lang='lat' dir='ltr'>quae</span> <span class='ocrx_word' id='word_1_243' title='bbox 1565 1997 1599 2035; x_wconf 87' lang='lat' dir='ltr'>ei</span> <span class='ocrx_word' id='word_1_244' title='bbox 1626 1996 1770 2035; x_wconf 88' lang='lat' dir='ltr'>tribue—</span> 
     </span>
     <span class='ocr_line' id='line_1_28' title="bbox 267 2057 1770 2108; baseline 0 -10"><span class='ocrx_word' id='word_1_245' title='bbox 267 2061 400 2106; x_wconf 84' lang='lat' dir='ltr'>batur,</span> <span class='ocrx_word' id='word_1_246' title='bbox 434 2059 650 2098; x_wconf 87' lang='lat' dir='ltr'>mercedem</span> <span class='ocrx_word' id='word_1_247' title='bbox 691 2060 779 2097; x_wconf 88' lang='lat' dir='ltr'>iude</span> <span class='ocrx_word' id='word_1_248' title='bbox 809 2059 1095 2108; x_wconf 84' lang='lat' dir='ltr'>explicandam,</span> <span class='ocrx_word' id='word_1_249' title='bbox 1125 2059 1228 2108; x_wconf 92' lang='lat' dir='ltr'>quod</span> <span class='ocrx_word' id='word_1_250' title='bbox 1256 2060 1381 2097; x_wconf 89' lang='lat' dir='ltr'>rarius</span> <span class='ocrx_word' id='word_1_251' title='bbox 1411 2057 1538 2097; x_wconf 85' lang='lat' dir='ltr'>officia</span> <span class='ocrx_word' id='word_1_252' title='bbox 1564 2069 1635 2097; x_wconf 85' lang='lat' dir='ltr'>sua</span> <span class='ocrx_word' id='word_1_253' title='bbox 1661 2070 1770 2107; x_wconf 84' lang='lat' dir='ltr'>prae·</span> 
     </span>
     <span class='ocr_line' id='line_1_29' title="bbox 268 2122 1771 2171; baseline -0.001 -10"><span class='ocrx_word' id='word_1_254' title='bbox 268 2128 370 2161; x_wconf 81' lang='lat' dir='ltr'>stare</span> <span class='ocrx_word' id='word_1_255' title='bbox 406 2122 595 2160; x_wconf 87' lang='lat' dir='ltr'>debuerit.</span> <span class='ocrx_word' id='word_1_256' title='bbox 656 2123 714 2161; x_wconf 93' lang='lat' dir='ltr'>De</span> <span class='ocrx_word' id='word_1_257' title='bbox 744 2123 1040 2171; x_wconf 87' lang='lat' dir='ltr'>Inopophylace,</span> <span class='ocrx_word' id='word_1_258' title='bbox 1070 2123 1135 2171; x_wconf 92' lang='lat' dir='ltr'>qui</span> <span class='ocrx_word' id='word_1_259' title='bbox 1163 2123 1248 2161; x_wconf 90' lang='lat' dir='ltr'>aliis</span> <span class='ocrx_word' id='word_1_260' title='bbox 1277 2123 1315 2160; x_wconf 93' lang='lat' dir='ltr'>in</span> <span class='ocrx_word' id='word_1_261' title='bbox 1343 2123 1466 2160; x_wconf 90' lang='lat' dir='ltr'><strong>titulis</strong></span> <span class='ocrx_word' id='word_1_262' title='bbox 1495 2122 1610 2160; x_wconf 88' lang='lat' dir='ltr'>etiam</span> <span class='ocrx_word' id='word_1_263' title='bbox 1638 2132 1771 2160; x_wconf 86' lang='lat' dir='ltr'>crene-</span> 
     </span>
     <span class='ocr_line' id='line_1_30' title="bbox 268 2184 1772 2233; baseline -0.001 -11"><span class='ocrx_word' id='word_1_264' title='bbox 268 2185 409 2233; x_wconf 78' lang='lat' dir='ltr'>phylax</span> <span class='ocrx_word' id='word_1_265' title='bbox 439 2185 677 2232; x_wconf 87' lang='lat' dir='ltr'>appellatur,</span> <span class='ocrx_word' id='word_1_266' title='bbox 722 2190 851 2232; x_wconf 87' lang='lat' dir='ltr'>taceo,</span> <span class='ocrx_word' id='word_1_267' title='bbox 880 2196 964 2223; x_wconf 91' lang='lat' dir='ltr'>cum</span> <span class='ocrx_word' id='word_1_268' title='bbox 995 2197 1119 2233; x_wconf 90' lang='lat' dir='ltr'>neque</span> <span class='ocrx_word' id='word_1_269' title='bbox 1149 2196 1286 2222; x_wconf 89' lang='lat' dir='ltr'>munus</span> <span class='ocrx_word' id='word_1_270' title='bbox 1314 2185 1396 2223; x_wconf 91' lang='lat' dir='ltr'>eius</span> <span class='ocrx_word' id='word_1_271' title='bbox 1425 2185 1474 2222; x_wconf 89' lang='lat' dir='ltr'><strong>sit</strong></span> <span class='ocrx_word' id='word_1_272' title='bbox 1503 2185 1596 2223; x_wconf 87' lang='lat' dir='ltr'>satis</span> <span class='ocrx_word' id='word_1_273' title='bbox 1623 2184 1772 2232; x_wconf 89' lang='lat' dir='ltr'>perspi·</span> 
     </span>
     <span class='ocr_line' id='line_1_31' title="bbox 268 2246 1771 2296; baseline -0.001 -10"><span class='ocrx_word' id='word_1_274' title='bbox 268 2260 379 2286; x_wconf 88' lang='lat' dir='ltr'>cuum</span> <span class='ocrx_word' id='word_1_275' title='bbox 402 2259 537 2295; x_wconf 84' lang='lat' dir='ltr'>neque,</span> <span class='ocrx_word' id='word_1_276' title='bbox 566 2259 635 2285; x_wconf 90' lang='lat' dir='ltr'>cur</span> <span class='ocrx_word' id='word_1_277' title='bbox 661 2259 732 2296; x_wconf 88' lang='lat' dir='ltr'>per</span> <span class='ocrx_word' id='word_1_278' title='bbox 765 2260 831 2285; x_wconf 88' lang='lat' dir='ltr'>sex</span> <span class='ocrx_word' id='word_1_279' title='bbox 861 2252 1008 2286; x_wconf 89' lang='lat' dir='ltr'>tantum</span> <span class='ocrx_word' id='word_1_280' title='bbox 1038 2248 1127 2286; x_wconf 88' lang='lat' dir='ltr'>anni</span> <span class='ocrx_word' id='word_1_281' title='bbox 1157 2258 1306 2285; x_wconf 91' lang='lat' dir='ltr'>menses</span> <span class='ocrx_word' id='word_1_282' title='bbox 1331 2246 1543 2285; x_wconf 88' lang='lat' dir='ltr'>mercedem</span> <span class='ocrx_word' id='word_1_283' title='bbox 1565 2246 1771 2295; x_wconf 81' lang='lat' dir='ltr'>acceperit,</span> 
     </span>
     <span class='ocr_line' id='line_1_32' title="bbox 269 2309 1772 2358; baseline -0.001 -10"><span class='ocrx_word' id='word_1_284' title='bbox 269 2311 424 2358; x_wconf 83' lang='lat' dir='ltr'>liqueat,</span> <span class='ocrx_word' id='word_1_285' title='bbox 455 2311 620 2358; x_wconf 85' lang='lat' dir='ltr'>itemque</span> <span class='ocrx_word' id='word_1_286' title='bbox 648 2310 694 2348; x_wconf 90' lang='lat' dir='ltr'>de</span> <span class='ocrx_word' id='word_1_287' title='bbox 725 2311 917 2348; x_wconf 86' lang='lat' dir='ltr'>ministris</span> <span class='ocrx_word' id='word_1_288' title='bbox 946 2310 1174 2358; x_wconf 88' lang='lat' dir='ltr'>quibusdam</span> <span class='ocrx_word' id='word_1_289' title='bbox 1203 2310 1289 2348; x_wconf 87' lang='lat' dir='ltr'>aliis</span> <span class='ocrx_word' id='word_1_290' title='bbox 1319 2309 1532 2358; x_wconf 72' lang='lat' dir='ltr'>(hyperete,</span> <span class='ocrx_word' id='word_1_291' title='bbox 1559 2309 1772 2358; x_wconf 84' lang='lat' dir='ltr'>palaestro-</span> 
     </span>
     <span class='ocr_line' id='line_1_33' title="bbox 269 2371 1772 2421; baseline 0 -11"><span class='ocrx_word' id='word_1_292' title='bbox 269 2373 430 2421; x_wconf 72' lang='lat' dir='ltr'>phylace</span> <span class='ocrx_word' id='word_1_293' title='bbox 452 2377 554 2419; x_wconf 75' lang='lat' dir='ltr'>etc),</span> <span class='ocrx_word' id='word_1_294' title='bbox 583 2374 647 2421; x_wconf 83' lang='lat' dir='ltr'>qui</span> <span class='ocrx_word' id='word_1_295' title='bbox 668 2373 741 2411; x_wconf 92' lang='lat' dir='ltr'>nisi</span> <span class='ocrx_word' id='word_1_296' title='bbox 775 2385 821 2410; x_wconf 92' lang='lat' dir='ltr'>ex</span> <span class='ocrx_word' id='word_1_297' title='bbox 845 2373 1029 2411; x_wconf 91' lang='lat' dir='ltr'>Homollii</span> <span class='ocrx_word' id='word_1_298' title='bbox 1059 2373 1332 2411; x_wconf 88' lang='lat' dir='ltr'>commentario</span> <span class='ocrx_word' id='word_1_299' title='bbox 1354 2371 1530 2411; x_wconf 85' lang='lat' dir='ltr'>Demaris</span> <span class='ocrx_word' id='word_1_300' title='bbox 1557 2371 1772 2410; x_wconf 87' lang='lat' dir='ltr'>rationibus</span> 
     </span>
    </p>
   </div>
   <div class='ocr_carea' id='block_1_3' title="bbox 272 2471 496 2477">
    <p class='ocr_par' dir='ltr' id='par_1_3' title="bbox 272 2471 496 2477">
     <span class='ocr_line' id='line_1_34' title="bbox 272 2471 496 2477; baseline 0 0"><span class='ocrx_word' id='word_1_301' title='bbox 272 2471 496 2477; x_wconf 95' lang='lat' dir='ltr'> </span> 
     </span>
    </p>
   </div>
   <div class='ocr_carea' id='block_1_4' title="bbox 273 2518 1772 2622">
    <p class='ocr_par' dir='ltr' id='par_1_4' title="bbox 273 2518 1772 2622">
     <span class='ocr_line' id='line_1_35' title="bbox 363 2518 1772 2564; baseline 0 -10"><span class='ocrx_word' id='word_1_302' title='bbox 363 2521 424 2564; x_wconf 71' lang='grc'>166)</span> <span class='ocrx_word' id='word_1_303' title='bbox 450 2520 593 2554; x_wconf 84' lang='lat' dir='ltr'>Demar.</span> <span class='ocrx_word' id='word_1_304' title='bbox 612 2520 708 2554; x_wconf 79' lang='lat' dir='ltr'>arch.</span> <span class='ocrx_word' id='word_1_305' title='bbox 727 2526 793 2555; x_wconf 86' lang='lat' dir='ltr'>rat.</span> <span class='ocrx_word' id='word_1_306' title='bbox 813 2521 872 2554; x_wconf 88' lang='lat' dir='ltr'><strong>lin.</strong></span> <span class='ocrx_word' id='word_1_307' title='bbox 894 2523 966 2555; x_wconf 81' lang='lat'>195.</span> <span class='ocrx_word' id='word_1_308' title='bbox 1064 2521 1124 2562; x_wconf 76' lang='lat'><strong>¹⁶⁷)</strong></span> <span class='ocrx_word' id='word_1_309' title='bbox 1149 2520 1237 2555; x_wconf 87' lang='lat' dir='ltr'>Ibid.</span> <span class='ocrx_word' id='word_1_310' title='bbox 1251 2520 1312 2555; x_wconf 90' lang='lat' dir='ltr'><strong>lin.</strong></span> <span class='ocrx_word' id='word_1_311' title='bbox 1332 2521 1404 2556; x_wconf 83' lang='lat'>197.</span> <span class='ocrx_word' id='word_1_312' title='bbox 1499 2520 1561 2563; x_wconf 76' lang='lat'>¹⁶⁸)</span> <span class='ocrx_word' id='word_1_313' title='bbox 1585 2518 1772 2555; x_wconf 71' lang='lat' dir='ltr'>Cosmiade</span> 
     </span>
     <span class='ocr_line' id='line_1_36' title="bbox 273 2576 1772 2622; baseline -0.001 -10"><span class='ocrx_word' id='word_1_314' title='bbox 273 2578 454 2620; x_wconf 82' lang='lat' dir='ltr'>archonte,</span> <span class='ocrx_word' id='word_1_315' title='bbox 482 2582 520 2612; x_wconf 89' lang='lat' dir='ltr'><strong>ut</strong></span> <span class='ocrx_word' id='word_1_316' title='bbox 547 2577 622 2611; x_wconf 85' lang='lat' dir='ltr'>loco</span> <span class='ocrx_word' id='word_1_317' title='bbox 647 2588 756 2621; x_wconf 72' lang='lat' dir='ltr'>supra</span> <span class='ocrx_word' id='word_1_318' title='bbox 782 2577 890 2611; x_wconf 85' lang='lat' dir='ltr'>allato</span> <span class='ocrx_word' id='word_1_319' title='bbox 917 2577 1116 2612; x_wconf 83' lang='lat' dir='ltr'>Homollius</span> <span class='ocrx_word' id='word_1_320' title='bbox 1142 2577 1240 2612; x_wconf 91' lang='lat' dir='ltr'>dicit.</span> <span class='ocrx_word' id='word_1_321' title='bbox 1357 2577 1420 2620; x_wconf 79' lang='lat'><strong>¹⁶⁹)</strong></span> <span class='ocrx_word' id='word_1_322' title='bbox 1444 2577 1481 2612; x_wconf 91' lang='lat' dir='ltr'>C.</span> <span class='ocrx_word' id='word_1_323' title='bbox 1497 2576 1523 2612; x_wconf 89' lang='lat'>1.</span> <span class='ocrx_word' id='word_1_324' title='bbox 1537 2577 1581 2611; x_wconf 85' lang='lat' dir='ltr'>A.</span> <span class='ocrx_word' id='word_1_325' title='bbox 1598 2576 1644 2622; x_wconf 79' lang='lat'>11,</span> <span class='ocrx_word' id='word_1_326' title='bbox 1661 2576 1772 2620; x_wconf 79' lang='lat' dir='ltr'>834b,</span> 
     </span>
    </p>
   </div>
   <div class='ocr_carea' id='block_1_5' title="bbox 271 2631 1772 2737">
    <p class='ocr_par' dir='ltr' id='par_1_5' title="bbox 271 2631 1772 2737">
     <span class='ocr_line' id='line_1_37' title="bbox 271 2631 1772 2679; baseline -0.001 -11"><span class='ocrx_word' id='word_1_327' title='bbox 271 2635 336 2669; x_wconf 87' lang='lat' dir='ltr'>col.</span> <span class='ocrx_word' id='word_1_328' title='bbox 356 2635 382 2678; x_wconf 90' lang='lat'>1,</span> <span class='ocrx_word' id='word_1_329' title='bbox 408 2634 467 2668; x_wconf 90' lang='lat' dir='ltr'><strong>lin.</strong></span> <span class='ocrx_word' id='word_1_330' title='bbox 487 2638 507 2668; x_wconf 86' lang='lat'>5</span> <span class='ocrx_word' id='word_1_331' title='bbox 526 2640 561 2668; x_wconf 90' lang='lat' dir='ltr'>ct</span> <span class='ocrx_word' id='word_1_332' title='bbox 578 2637 631 2668; x_wconf 82' lang='lat'>42.</span> <span class='ocrx_word' id='word_1_333' title='bbox 744 2635 805 2677; x_wconf 79' lang='lat'>¹⁷⁰)</span> <span class='ocrx_word' id='word_1_334' title='bbox 832 2634 974 2668; x_wconf 85' lang='lat' dir='ltr'>Demar.</span> <span class='ocrx_word' id='word_1_335' title='bbox 1001 2634 1097 2669; x_wconf 87' lang='lat' dir='ltr'>arch.</span> <span class='ocrx_word' id='word_1_336' title='bbox 1123 2638 1189 2669; x_wconf 82' lang='lat' dir='ltr'>rat.</span> <span class='ocrx_word' id='word_1_337' title='bbox 1216 2633 1274 2668; x_wconf 89' lang='lat' dir='ltr'><strong>lin.</strong></span> <span class='ocrx_word' id='word_1_338' title='bbox 1298 2635 1376 2670; x_wconf 87' lang='lat'>197:</span> <span class='ocrx_word' id='word_1_339' title='bbox 1398 2632 1656 2677; x_wconf 76' lang='grc' dir='ltr'><em>Ἰνωποφόλακι</em></span> <span class='ocrx_word' id='word_1_340' title='bbox 1674 2631 1772 2679; x_wconf 75' lang='grc' dir='ltr'><em>Ἀθη-</em></span> 
     </span>
     <span class='ocr_line' id='line_1_38' title="bbox 273 2690 590 2737; baseline 0 -12"><span class='ocrx_word' id='word_1_341' title='bbox 273 2692 363 2737; x_wconf 77' lang='grc' dir='ltr'>νάδῃ</span> <span class='ocrx_word' id='word_1_342' title='bbox 390 2693 515 2736; x_wconf 82' lang='grc' dir='ltr'><em>μηνῶν</em></span> <span class='ocrx_word' id='word_1_343' title='bbox 541 2690 590 2729; x_wconf 74' lang='grc' dir='ltr'>ἔξ.</span> 
     </span>
    </p>
   </div>
  </div>
 </body>
</html>
