1979 3326
754 306 1032 346 -69-

138 428 241 467 hunc
267 428 519 468 honorificum
545 429 666 478 lapidi
694 429 945 468 incidendum
970 440 1106 470 curare
1145 442 1188 468 »e
1217 432 1410 478 pecuniis,
1453 443 1551 480 quae
1580 443 1652 480 per

137 492 323 530 iudicium
351 504 375 530 a
404 492 594 531 damnatis
624 494 700 531 sint
729 492 990 540 exactae«;⁵2)
1021 505 1065 531 ac
1095 494 1270 531 similiter
1299 495 1337 531 in
1357 496 1550 532 rationum
1573 506 1650 532 am-

137 555 474 604 phictyonicarum
502 554 717 603 fragmento
747 557 911 604 quodam
941 558 1042 594 inter
1071 557 1147 594 alia
1175 557 1324 594 lacunis
1351 557 1558 595 obscurata
1588 570 1651 595 ex-

138 621 217 656 stat
242 619 463 666 perscripta
489 618 620 664 multa,
651 629 728 666 qua
756 620 848 656 civis
878 618 1034 666 quidam
1053 619 1137 657 Ieta
1166 619 1367 657 damnatus
1398 619 1595 665 dicitur53)
1628 631 1651 658 a

137 681 295 728 iudicio,
325 686 429 720 certe
458 682 531 720 hoc
558 683 643 730 ipso
673 681 960 720 attico-deliaco
991 682 1111 730 (quod
1139 683 1487 730 amphictyonicum
1517 683 1650 731 appel-

135 743 218 782 lare
246 755 323 782 non
351 744 512 789 aude0):
548 744 661 782 aliter
689 744 786 781 enim
814 744 857 780 in
891 743 950 781 his
985 745 1226 791 potissimum
1264 745 1408 782 tabulis
1447 745 1509 781 vix
1547 749 1649 783 esset

138 807 296 855 scripta.
357 807 512 846 Minora
541 806 730 855 quaedam
759 806 919 852 vestigia
955 807 995 843 in
1024 806 1174 844 duobus
1204 807 1262 844 vel
1300 807 1425 845 tribus
1462 808 1547 845 aliis
1585 820 1648 846 ex-

135 873 241 908 stant
268 869 470 916 tituli354);
505 870 573 908 sed
600 871 640 907 in
668 870 715 906 iis
744 868 1034 916 perscruta-ndis
1064 874 1216 917 tempus
1244 874 1372 909 terere
1407 871 1514 918 nolo,
1555 883 1648 919 quo-

137 933 242 970 niam
278 933 353 971 nisi
389 933 498 971 novis
533 933 698 980 repertis
735 932 973 970 documentis
1010 944 1072 970 res
1108 933 1157 970 ad
1193 938 1336 971 certum
1373 933 1534 981 perduci
1571 946 1647 972 non

134 996 234 1043 quit:
269 995 342 1034 hoc
377 996 530 1044 quidem
564 995 772 1034 tenendum
806 995 899 1032 mihi
936 994 1088 1033 videtur
1124 995 1243 1034 fuisse
1279 996 1366 1034 Deli
1401 996 1585 1034 iudicium
1627 1009 1646 1035 e

133 1058 281 1097 civibus
310 1060 438 1097 atticis
467 1059 734 1106 compositum,
765 1059 971 1106 quotannis
1001 1070 1023 1096 a
1052 1063 1188 1097 senatu
1219 1059 1514 1097 Atheniensium
1542 1059 1646 1107 lega-

135 1121 187 1159 tis
221 1121 272 1160 ad
305 1122 366 1159 ius
401 1121 604 1160 dicendum
639 1121 686 1160 de
720 1121 837 1159 rebus
871 1121 921 1159 ad
956 1122 1089 1169 templi
1118 1122 1311 1170 Apollinei
1345 1122 1646 1161 administratio-

132 1195 218 1222 nem
248 1184 387 1233 deique
415 1185 601 1233 pecunias
629 1184 927 1232 pertinentibus.

236 1247 313 1286 Sed
341 1248 391 1287 ad
418 1249 603 1296 pecunias
632 1247 681 1286 ab
717 1247 1050 1295 amphictyonibus
1086 1252 1267 1295 acceptas
1302 1252 1345 1285 ut
1383 1247 1538 1285 tandem
1575 1248 1644 1286 ali·

131 1311 284 1359 quando
312 1311 528 1358 redeamus,
557 1311 759 1359 vectigalia
787 1309 922 1360 (τέλη),
953 1322 1051 1359 quae
1080 1311 1390 1359 redemptoribus
1420 1311 1468 1349 ab
1499 1313 1553 1349 eis
1576 1311 1641 1349 ad-

131 1374 236 1412 dicta
257 1385 341 1412 esse
361 1374 565 1422 scimus‚⁵⁵)
593 1385 677 1412 cum
706 1374 852 1412 liberae
873 1378 1022 1412 tantum
1044 1374 1283 1422 reipublicae
1305 1375 1542 1423 temporibus
1567 1387 1643 1424 qua

129 1436 280 1474 ratione
317 1440 454 1475 exacta
474 1437 562 1483 sint,
592 1436 686 1474 satis
707 1436 947 1483 exploratum
967 1435 1190 1483 habeamus,
1219 1437 1273 1474 ibi
1294 1442 1406 1475 erunt
1426 1438 1640 1476 tractanda.

129 1499 225 1538 Nam
247 1500 287 1536 in
306 1511 496 1538 marmore
519 1499 794 1547 Sandwicensi,
817 1499 920 1548 quod
941 1500 1063 1537 solum
1083 1501 1274 1548 integrum
1294 1501 1641 1540 administrationis

128 1574 261 1601 eorum
298 1562 567 1602 documentum
595 1575 679 1601 esse
701 1563 791 1607 dixi,
822 1564 928 1601 nulla
947 1563 1189 1611 vectigalium
1219 1563 1262 1602 fit
1289 1566 1444 1611 mentio,
1474 1570 1517 1603 ut
1545 1566 1642 1603 veri-

128 1625 252 1664 simile
281 1626 332 1664 sit
361 1627 446 1665 aliis
475 1626 586 1664 bonis
616 1626 678 1664 dei
705 1627 844 1665 locatis
871 1626 967 1665 haec
997 1639 1148 1675 quoque
1178 1629 1378 1674 contineri,
1408 1630 1639 1676 praesertim

127 1699 213 1727 cum
242 1689 338 1727 alias
381 1690 496 1728 etiam
533 1691 758 1738 saepissime
794 1701 870 1728 non
907 1694 1169 1728 secernantur.
1228 1690 1330 1728 Satis
1364 1691 1481 1738 igitur
1516 1691 1640 1730 habeo

130 1763 265 1790 eorum
293 1753 448 1791 nomina
478 1752 629 1799 afferre,
658 1756 702 1790 ut
729 1753 768 1790 in
795 1764 872 1791 uno
901 1753 1012 1790 titulo
1043 1765 1164 1800 eoque
1193 1754 1326 1791 mutilo
1357 1755 1640 1801 occurrunt:⁵⁶)

126 1815 187 1854 ius
216 1827 415 1864 purpurae
443 1816 653 1864 piscandae
675 1820 713 1853 et
733 1815 882 1854 duobus
904 1816 1058 1864 quidem
1078 1817 1171 1854 locis
1200 1839 1250 1844 -—
1279 1816 1363 1864 περὶ
1393 1816 1460 1853 τὸν
1489 1816 1638 1866 ἰσθμόν,

125 1879 150 1916 i.
181 1890 212 1916 e.
244 1878 402 1926 Myconi
435 1878 585 1916 insulae
622 1882 681 1923 (ut
710 1890 729 1915 e
765 1878 887 1916 titulis
922 1879 1150 1926 posterioris
1185 1880 1324 1917 aetatis
1359 1884 1561 1927 apparet),
1600 1887 1638 1918 et

127 1939 214 1990 περὶ
242 1938 306 1991 τὴν
337 1941 461 1990 νῆσον,
495 1941 519 1978 i.
550 1953 582 1978 e.
614 1941 784 1980 Hecatae
813 1942 997 1988 insulam;
1033 1941 1172 1980 deiude
1200 1943 1259 1980 ius
1294 1944 1457 1990 portorii
1486 1944 1524 1980 in
1553 1943 1638 1991 My-

127 2004 216 2042 coni
244 2003 394 2042 insulae
415 2008 531 2052 port-u
550 2004 803 2052 percipiendi,
834 2004 937 2052 quod
956 2004 1194 2052 redemptum
1225 2005 1385 2052 legimus
1416 2010 1489 2043 204
1510 2006 1566 2043 dr.
1587 2029 1636 2033 —

125 2065 222 2104 haec
250 2070 340 2104 sunt
369 2068 514 2114 omnia;
549 2068 590 2105 in
623 2068 736 2105 titulo
772 2067 925 2115 quidem
955 2065 996 2104 C.
1020 2067 1049 2104 Ι.
1076 2069 1119 2104 A.
1150 2067 1199 2114 II,
1229 2073 1302 2106 813
1333 2066 1536 2118 πορφύρας
1565 2081 1637 2107 vox

126 2132 184 2167 est
210 2140 234 2168 a
260 2129 456 2169 Koehlero
487 2130 737 2177 restitut-a,⁵⁷)
768 2130 834 2169 sed
868 2142 967 2179 quae
997 2130 1246 2179 subsequitur
1273 2132 1460 2178 pecuniae
1490 2143 1637 2170 summa

125 2190 283 2241 pensae,
311 2193 400 2241 plus
430 2193 588 2241 talento,
618 2194 723 2233 nullo
751 2194 863 2232 modo
885 2193 935 2232 ad
955 2205 1035 2232 eam
1057 2198 1187 2242 potest
1206 2193 1354 2241 referri,
1385 2205 1468 2232 cum
1490 2195 1635 2233 liberae

240 2344 287 2387 5²)
318 2345 357 2378 ἐκ
392 2347 464 2378 τῶν
495 2346 696 2392 χρημάτων
732 2349 803 2380 τῶν
839 2347 1156 2390 εἶςπραττομένων
1192 2348 1291 2391 παρὰ
1332 2350 1401 2382 τῶν
1441 2349 1504 2387 τὰς
1540 2349 1636 2388 δίκας

124 2401 329 2446 wadum:
365 2402 458 2437 Bull.
485 2402 528 2438 de
555 2403 652 2438 Corr.
679 2403 771 2438 Hell.
799 2404 868 2448 III,
895 2416 927 2448 p.
946 2406 1029 2449 473,
1062 2405 1122 2439 lin.
1141 2406 1215 2439 26--
1233 2407 1294 2440 27:
1327 2404 1370 2439 de
1402 2406 1505 2440 titulo
1541 2406 1635 2441 infra

123 2458 233 2494 verba
256 2458 397 2494 faciam.
551 2461 596 2505 ⁵³)
623 2461 758 2496 C.I.A.
779 2462 823 2506 II,
849 2464 927 2506 825,
954 2463 1008 2497 vel
1035 2463 1154 2507 potius
1180 2464 1257 2503 778,
1283 2464 1329 2498 B:
1357 2464 1414 2499 hic
1442 2465 1535 2499 enim
1562 2465 1633 2509 pri-

122 2526 219 2551 mum
242 2515 483 2560 fragmentum
509 2517 598 2552 illud
625 2528 646 2552 a
670 2518 851 2553 Koehlero
877 2519 1011 2554 editum
1038 2526 1102 2563 est,
1128 2530 1208 2555 cum
1234 2520 1279 2554 ad
1297 2521 1426 2556 Delum
1452 2523 1632 2566 pertinere

122 2572 279 2608 nondum
303 2574 558 2619 perspexisset.
721 2576 766 2618 ⁵⁴)
793 2575 830 2610 C.
846 2575 872 2609 I.
889 2576 931 2609 A.
958 2575 1003 2619 ΙΙ,
1029 2578 1096 2610 822
1121 2577 1196 2619 (ἐπ’
1219 2575 1355 2622 Ἀρχίου
1383 2576 1564 2622 ἄρχοντος
1591 2598 1631 2603 -

124 2628 178 2664 01.
200 2631 274 2674 108,
299 2632 320 2665 3
337 2645 382 2660 =
398 2632 527 2675 346s45
553 2640 584 2665 a.
612 2631 692 2666 Chr.
720 2634 785 2675 11.);
812 2633 888 2666 823.
1028 2633 1072 2676 ⁵⁵)
1099 2632 1171 2667 Cfr.
1197 2643 1289 2677 quae
1314 2633 1514 2669 Homollius
1541 2635 1631 2670 dixit

123 2685 167 2721 de
191 2685 249 2722 his
273 2686 398 2722 rebus:
424 2688 517 2723 Bull.
543 2688 586 2723 de
614 2688 711 2724 Corr.
738 2689 906 2734 Hell.VI,
932 2700 964 2734 p.
982 2691 1129 2725 66-68.
1269 2692 1317 2734 56)
1341 2691 1433 2726 Bull.
1460 2692 1503 2727 de
1530 2692 1626 2728 Corr.

122 2741 216 2777 Heu.
230 2743 327 2787 VIII,
353 2755 387 2789 p.
404 2747 471 2780 313
492 2748 574 2780 -14.
713 2746 759 2787 57)
786 2746 822 2780 C.
838 2746 864 2780 1.
880 2746 922 2780 A.
948 2746 993 2790 11,
1019 2749 1097 2792 813,
1124 2747 1185 2782 liu.
1203 2751 1234 2782 5.
