1979 3326
719 314 1032 356 —187—

136 440 239 490 quod
266 452 286 478 e
315 440 464 479 duobus
491 440 634 485 titulis,
668 451 745 478 uno
773 441 847 477 iam
876 439 1038 488 Cyriaco
1067 438 1236 485 cognito,
1273 439 1396 476 altero
1426 449 1550 486 nuper
1577 448 1636 475 re-

131 507 243 552 perto
270 504 354 551 ipse
383 502 651 550 composui.40)

868 576 896 614 I.

333 651 601 699 Hephaestion
629 651 845 689 Melitensis
1055 650 1242 688 Nicolaus

455 753 724 792 Artemidorus
848 779 870 793 o
1057 752 1255 801 Olympias

523 839 789 887 Hephaestion
943 820 1222 876 Artemidori}

858 951 907 989 II.

426 1027 677 1066 Dioscurides
705 1026 975 1065 Marathonius
1149 1025 1341 1062 Xenocles

633 1079 771 1168 Nic'ion
876 1163 899 1176 υ
1132 1076 1369 1165 Time'sarete

465 1217 714 1263 Aristogenes
826 1214 1064 1252 Menodorus
1170 1213 1309 1251 Nicion

356 1275 799 1299 ae—-d—-s

356 1303 494 1341 Nicion
601 1302 817 1340 Theodorav

854 1416 920 1454 III.

753 1502 1021 1568 AQagoras

287 1556 1496 1625 WAthenagoras-——Zeffi—Ihsn-effi

683 1653 950 1700 Athenagoras
1056 1650 1247 1689 Leonides
1353 1649 1517 1687 Menias.

241 1739 403 1777 Praeter
443 1738 700 1776 Athenienses
742 1739 782 1775 in
822 1738 945 1775 titulis
982 1736 1142 1774 deliacis
1186 1736 1295 1773 multi
1337 1747 1429 1774 sane
1474 1736 1647 1774 homines

140 1802 280 1842 Graeci
307 1806 674 1848 commemorantur,
710 1800 779 1839 sed
806 1812 883 1838 non
913 1812 959 1838 ex
987 1801 1073 1848 ipsa
1102 1799 1266 1837 Graecia
1295 1798 1466 1836 oriundi:
1505 1800 1648 1836 rectius

139 1864 305 1904 fortasse
334 1864 496 1902 dixerim
524 1865 645 1903 multa
673 1875 875 1903 occurrere
905 1864 1059 1901 nomina
1079 1873 1230 1910 graeca,
1259 1861 1397 1909 quibus
1428 1867 1553 1899 tamen
1575 1861 1648 1899 hac

141 1930 268 1966 aetate
296 1937 373 1964 non
400 1927 491 1964 item
520 1927 628 1974 origo
657 1938 796 1974 graeca
824 1925 1028 1963 indicatur.
1076 1925 1193 1969 Nulli.
1224 1929 1266 1961 ut
1295 1925 1369 1962 iam
1391 1924 1483 1970 dixi,
1513 1925 1646 1972 appel-

144 1990 275 2028 lantur
302 1989 403 2027 cives
433 1989 583 2027 urbium
607 1990 843 2028 Graecarum
873 1990 911 2026 in
940 1989 1153 2027 continenti
1184 1988 1342 2025 sitarum
1374 1999 1497 2035 neque
1519 1987 1650 2025 Mace-

143 2052 295 2099 doniae,
323 2052 438 2099 pauci
465 2053 728 2091 tantummodo
758 2065 803 2091 ex
821 2053 967 2099 Aegaei
996 2052 1112 2088 maris
1133 2051 1267 2087 insulis
1288 2055 1351 2087 aut
1382 2062 1401 2087 e
1429 2051 1647 2088 civitatibus

143 2115 294 2164 graecis
322 2115 457 2152 Asiae:
497 2115 620 2161 Parii,
657 2115 792 2161 Naxfi,
821 2114 950 2156 Meni,
979 2112 1203 2157 Cretenses.
1233 2111 1458 2159 Corcyraei,
1488 2112 1646 2157 Milesii,

142 2177 239 2224 Teii,
269 2175 367 2223 Chii,
396 2176 476 2223 Coi,
506 2176 650 2223 Cnidii;
679 2177 918 2216 Rhodiorum
939 2187 1028 2214 vero
1050 2187 1096 2213 ue
1118 2186 1217 2212 unus
1247 2174 1399 2223 quidem
1421 2186 1647 2213 commemo-

145 2239 327 2286 ratur-⁴¹)
397 2239 507 2287 Quod
542 2241 796 2279 clarissimum
833 2240 924 2278 mihi
960 2238 1112 2276 videtur
1147 2239 1296 2286 signum
1332 2239 1496 2276 miserae
1533 2239 1650 2275 totius

146 2371 355 2408 archontem
379 2371 493 2407 annis.
519 2391 564 2397 —
588 2370 777 2406 Nicionem
802 2370 947 2405 tertium
971 2375 1005 2404 et
1023 2368 1249 2403 Theodoram
1269 2368 1493 2412 Aristogenis
1522 2368 1652 2402 liberos

146 2429 224 2474 ipse
249 2428 365 2465 adieci
390 2439 476 2464 usus
502 2429 538 2464 C.
553 2429 579 2463 I.
596 2428 637 2463 G.
657 2431 755 2463 2307.

236 2487 283 2532 40)
305 2485 416 2531 Ἂθήν.
441 2486 502 2530 IV,
527 2497 561 2530 p.
579 2488 647 2520 458
672 2491 707 2520 et
732 2485 824 2520 Bull.
844 2484 876 2519 d.
895 2484 992 2519 Corr.
1013 2484 1105 2519 Heu.
1126 2484 1152 2527 1,
1181 2495 1213 2528 p.
1231 2486 1275 2518 88
1303 2494 1335 2521 ιθ
1355 2483 1494 2527 syriaci
1513 2482 1651 2519 titulis).

237 2545 283 2589 ⁴1)
308 2542 460 2578 Paros:
487 2542 602 2588 Ἀθήν.
629 2542 674 2585 ΙΙ,
700 2554 733 2587 p.
759 2545 819 2577 134
844 2552 898 2576 no.
917 2545 947 2576 4.
981 2562 1025 2567 —
1057 2541 1221 2577 Naxos:
1258 2541 1347 2575 Bull.
1375 2540 1406 2574 d.
1434 2542 1531 2574 Corr.
1561 2539 1652 2573 Heli.

148 2601 210 2646 lv,
227 2612 261 2647 p.
284 2603 346 2638 185
361 2606 398 2635 et
414 2603 491 2635 221.
518 2621 563 2626 —
587 2599 743 2635 Melos:
770 2599 853 2634 ibid.
874 2599 934 2642 xl,
962 2602 1084 2643 p.268.
1112 2620 1156 2625 —-
1182 2598 1479 2643 Polyrrhenia
1505 2599 1652 2634 (Cretan

150 2658 234 2693 ibid.
259 2657 321 2702 VI,
346 2668 380 2702 p.
398 2661 474 2694 339.
507 2678 551 2683 —
582 2657 790 2702 Corcyra:
817 2656 900 2691 ibid.
928 2657 988 2694 vl,
1015 2667 1046 2700 p.
1066 2659 1142 2691 340.
1175 2678 1218 2682 —
1251 2656 1449 2690 Miletus:
1481 2653 1565 2687 ibid.
1595 2653 1653 2695 Vl,

151 2725 185 2759 p.
201 2716 279 2749 336.
305 2734 350 2740 —-
374 2714 500 2749 Teos:
528 2714 612 2749 ibid.
632 2714 692 2756 XI,
719 2726 751 2758 p.
770 2716 845 2748 260.
873 2734 917 2739 —
943 2713 1091 2747 Chios:
1117 2712 1229 2759 ἵ4ι9ήν.
1257 2713 1316 2748 IV.
1344 2724 1375 2755 p.
1395 2714 1470 2746 ⁴50.
1511 2711 1602 2745 Bull.
1621 2710 1653 2744 d.

151 2771 249 2807 Corr.
276 2771 369 2806 Heu.
395 2771 474 2816 VII,
499 2783 533 2817 p.
551 2774 628 2807 369.
654 2792 698 2797 —
723 2772 819 2806 Cos:
848 2770 938 2805 Bull.
965 2770 997 2805 d.
1017 2772 1114 2805 Corr.
1134 2770 1225 2805 Heu.
1246 2770 1305 2806 vl.
1332 2781 1364 2815 p.
1383 2771 1460 2803 331.
1487 2789 1529 2793 —
1555 2767 1654 2802 Cni-
