1979 3326
776 317 1079 359 -181—

275 442 427 492 Operae
447 442 612 490 pretium
641 443 690 480 sit
717 453 944 490 comparare
974 442 1058 480 auri
1086 441 1314 489 argentique
1343 441 1492 489 copiam
1514 440 1679 480 Demare

171 505 355 545 archonte
383 504 432 543 ab
467 505 683 552 hieropoeis
713 506 750 542 in
780 506 894 543 variis
929 505 1080 552 templis
1117 515 1274 552 pensam
1318 516 1401 541 cum
1431 505 1517 550 illa,
1565 516 1679 552 quam

171 568 466 607 Atheniensium
510 568 799 616 amphictyones
835 568 994 605 Ariston
1038 568 1196 615 eiusque
1238 568 1407 615 collegae
1449 568 1679 604 Timocratis

171 643 271 671 anno
304 632 521 679 insequenti
558 631 718 678 collegio
747 642 787 668 se
822 630 1028 668 tradidisse
1064 630 1313 677 profitentur3
1366 630 1433 668 sed
1471 629 1679 667 difficultas

174 693 264 732 inde
293 694 430 742 oritur,
460 695 564 743 quod
591 696 630 732 in
658 695 954 743 hieropoeorum
983 695 1222 742 potissimum
1252 694 1467 731 inventario
1496 705 1557 731 res
1588 693 1680 730 mul-

170 761 235 795 tae
255 761 344 796 sunt
362 762 600 805 numeratae,
627 769 703 796 non
731 769 875 806 pensae
904 780 953 785 —
982 755 1156 794 ἄστατοι.
1203 756 1461 795 Nihilominus
1492 767 1575 794 cum
1605 767 1681 793 non

171 821 379 859 interesset
397 821 447 859 ad
468 820 688 859 drachmam
709 821 916 859 aestimare
938 820 999 858 dei
1029 820 1322 868 supellectilem,
1353 819 1421 857 sed
1451 819 1679 856 sententiam

171 882 294 930 ferre,
323 888 509 922 auctaene
538 888 667 922 essent
694 884 827 932 templi
857 883 1012 921 divitiae
1042 894 1090 921 an
1118 884 1360 929 imminutae,
1390 882 1679 920 accuratissime

172 947 311 994 collegi
340 947 478 993 omnia,
509 958 607 994 quae
628 947 847 995 perscripta
875 950 1041 993 exstant,
1071 946 1155 984 auri
1185 947 1412 993 argentique
1441 945 1614 993 pondera
1641 945 1680 981 in

172 1009 411 1057 singulorum
441 1010 670 1058 templorum
699 1011 936 1048 inventariis.
985 1011 1040 1047 Ac
1069 1009 1116 1047 de
1137 1009 1373 1047 Andriorum
1402 1008 1556 1056 quidem
1586 1005 1681 1055 οἴκῳ

171 1076 211 1111 et
245 1072 292 1110 de
321 1073 466 1111 Porino
501 1073 595 1111 nihil
623 1077 751 1121 potest
779 1073 874 1120 dici,
903 1084 986 1111 cum
1017 1074 1056 1110 in
1084 1077 1221 1111 neutro
1251 1084 1299 1111 ne
1328 1083 1405 1111 una
1434 1071 1589 1120 quidem
1617 1082 1679 1108 res

171 1139 308 1182 exstet,
335 1136 397 1174 cui
416 1137 584 1184 pretium
605 1136 843 1184 adscriptum
863 1137 923 1183 sit,
957 1140 1162 1183 argentea:
1192 1139 1362 1173 ceterum
1382 1136 1419 1172 in
1441 1135 1513 1172 hoc
1542 1144 1676 1171 novem

171 1209 248 1238 non
286 1198 450 1246 amplius
486 1200 734 1237 inveniuntur
761 1199 932 1248 phialae,
962 1201 1001 1237 111
1028 1200 1094 1238 1110
1123 1200 1254 1248 paullo
1283 1200 1414 1247 plures
1445 1210 1490 1236 ex
1520 1201 1680 1245 argento

171 1261 296 1302 factae
324 1284 374 1290 —
403 1264 487 1300 auri
515 1264 621 1301 nihil.
664 1263 706 1301 In
737 1264 920 1312 opulento
948 1264 1014 1302 illo
1044 1264 1236 1312 quondam
1266 1263 1409 1311 templo
1439 1259 1484 1298 οὔ
1506 1260 1554 1298 τὰ
1583 1258 1679 1297 ἑπτὰ

172 1329 232 1373 (=
253 1323 451 1376 Ἀθηναίων
471 1325 586 1373 νεώς)
614 1327 780 1364 Demare
809 1327 993 1365 archonte
1023 1326 1121 1364 duae
1151 1330 1300 1364 tantum
1331 1336 1496 1363 coronae
1525 1336 1547 1362 a
1568 1324 1680 1361 Nicia

172 1393 211 1428 et
239 1389 400 1428 Autocle
430 1389 728 1428 Atheniensibus
758 1390 907 1429 dicatae
937 1402 956 1428 e
985 1391 1151 1438 pristino
1183 1393 1322 1427 ornatu
1351 1388 1524 1436 reliquae
1557 1390 1679 1433 erant,

171 1456 419 1492 accesserant
458 1463 591 1490 novem
627 1453 782 1501 phialae
818 1457 855 1491 et
889 1453 1035 1501 clipeus
1076 1474 1125 1479 -—
1167 1455 1350 1499 argentea
1392 1450 1488 1488 haec
1531 1454 1569 1488 et
1604 1461 1680 1488 non

171 1527 305 1565 pensa.
366 1515 594 1554 Imminutae
622 1516 713 1554 item
742 1520 832 1554 sunt
859 1516 1055 1553 Artemisii
1086 1514 1261 1553 divitiae:
1300 1514 1517 1562 perscripta
1553 1513 1680 1550 inveni

172 1582 306 1628 (atque
335 1578 397 1617 hic
425 1578 577 1626 quidem
605 1590 668 1616 res
696 1590 772 1616 non
791 1589 936 1626 pensae
956 1577 1036 1616 fere
1058 1578 1185 1616 nullae
1207 1581 1376 1617 exstant)
1398 1577 1482 1614 auri
1504 1580 1602 1613 3896
1621 1575 1677 1612 dr.

169 1641 320 1690 pondo,
355 1643 504 1690 argenti
534 1647 663 1680 64401
687 1641 765 1688 (11.,
803 1652 964 1690 quorum
993 1652 1140 1679 summa
1168 1640 1216 1678 ad
1245 1643 1444 1687 argentum
1474 1639 1679 1676 aestimata

171 1706 245 1753 ita,
281 1709 326 1744 ut
353 1708 567 1743 statuamus
596 1704 802 1742 drachmae
831 1716 972 1743 aureae
1000 1705 1166 1752 pretium
1195 1715 1268 1751 par
1295 1703 1413 1741 fuisse
1452 1701 1582 1739 decem
1620 1713 1679 1739 ar-

174 1768 322 1817 genteis
352 1770 412 1814 (ut
429 1768 592 1806 Romani
620 1769 658 1806 in
687 1767 842 1806 foedere
871 1780 955 1806 cum
980 1768 1127 1806 Aetolis
1155 1769 1232 1806 icto
1262 1763 1553 1805 statuerant¹²¹›
1583 1775 1617 1802 a.
1641 1775 1676 1801 u.

172 1841 204 1870 c.
226 1834 336 1878 565),
373 1829 490 1869 efficit
527 1836 671 1870 103361
701 1831 757 1870 dr.
793 1832 853 1870 vel
886 1834 928 1870 17
950 1832 1017 1870 tal.
1051 1836 1142 1870 1361
1167 1830 1223 1868 dr.
1288 1829 1432 1868 Contra
1467 1829 1505 1865 in
1542 1837 1678 1874 magno

172 1893 364 1942 Apollinis
391 1894 535 1942 templo
570 1894 785 1932 mirandum
821 1895 860 1932 in
894 1893 1044 1933 modum
1082 1898 1257 1932 creverat
1291 1893 1412 1930 omnis
1448 1902 1580 1929 sacrae
1617 1901 1678 1926 su-

172 1957 377 2005 pellectilis
406 1958 519 2006 copia
545 1958 690 2006 ingenti
725 1958 942 2006 phialarum
978 1959 1216 2006 aliorumque
1245 1956 1488 1994 vasculorum
1518 1963 1676 1991 numero

175 2031 199 2059 a
226 2021 417 2059 variarum
446 2021 642 2059 nationum
671 2021 924 2060 donatoribus
953 2021 1095 2067 oblato,
1127 2026 1169 2058 ut
1196 2019 1367 2058 collectis
1388 2017 1563 2056 omnibus
1583 2027 1678 2064 pon-

175 2083 278 2122 deris
307 2084 437 2132 signis‚
467 2095 565 2132 quae
594 2084 656 2122 hic
682 2085 720 2122 in
749 2084 908 2122 dimidia
936 2083 1088 2132 quidem
1114 2088 1225 2131 parte
1246 2082 1431 2120 donorum
1453 2079 1674 2117 desideran-

173 2149 249 2194 tur,
276 2149 526 2184 numerentur
546 2147 631 2185 auri
657 2150 757 2185 8093
773 2145 828 2184 ᾶτ.
861 2146 939 2190 4¹l2
958 2145 1057 2184 obol.
1088 2145 1234 2193 pondo,
1264 2144 1411 2192 argenti
1447 2148 1599 2180 145415
1621 2141 1676 2179 dr.

174 2214 197 2248 3
217 2209 337 2256 oboL,
372 2209 433 2247 vel
459 2212 542 2247 tota
576 2220 722 2247 summa
749 2231 798 2236 —
828 2208 876 2246 ad
913 2212 1113 2256 argentum
1149 2211 1370 2255 computata
1404 2211 1445 2243 ut
1481 2217 1598 2253 supra
1630 2226 1678 2231 —

174 2277 331 2312 226353
351 2271 407 2310 dr.
437 2275 505 2310 aut
524 2272 571 2310 37
588 2271 654 2309 tal.
677 2276 775 2310 4353
792 2271 849 2309 dr.
898 2271 1005 2318 Quae
1025 2275 1066 2309 ut
1087 2270 1320 2309 commodius
1341 2269 1507 2308 conferri
1530 2269 1677 2316 possint

174 2345 258 2373 cum
285 2335 413 2383 pretio
441 2334 630 2374 donorum
663 2335 702 2372 in
731 2334 873 2373 eisdem
908 2335 1060 2382 templis
1089 2338 1374 2372 assei-vatorum
1412 2337 1583 2379 tempore
1613 2329 1678 2368 ad-

173 2398 466 2436 ministrationis
502 2397 853 2446 amphictyonicae,
888 2397 1058 2435 tabulam
1095 2407 1290 2444 propono,
1329 2394 1393 2432 ubi
1428 2395 1466 2431 in
1503 2394 1679 2430 columna

174 2460 332 2499 sinistra
350 2463 504 2499 exstant
523 2461 690 2509 scriptae
711 2470 880 2498 summae
900 2459 949 2498 ab
969 2457 1302 2506 amphictyonibus
1323 2458 1512 2502 inventae,
1543 2455 1678 2492 dextra

174 2534 343 2562 summae
370 2522 420 2562 ab
447 2522 665 2571 hieropoeis
693 2523 935 2562 aestimatae:

174 2665 244 2702 inv.
261 2665 323 2701 lin.
341 2666 503 2710 78—80),
529 2664 679 2700 alterius
695 2684 740 2690 —
757 2664 867 2709 φιάλη
881 2667 1004 2710 χρυσῆ
1025 2664 1209 2709 ιαρυωτή·
1238 2663 1437 2706 ἐπιγραφή·
1462 2659 1678 2697 Ἀπόλλωνος

178 2723 311 2770 Δηλίου
337 2722 433 2768 (ibid.
459 2722 520 2757 lin.
537 2724 674 2758 80—82
699 2726 735 2757 et
764 2722 963 2763 tel-182).

272 2779 333 2826 ¹⁸¹)
357 2778 482 2826 Polyb.
507 2779 624 2825 XXII,
655 2781 704 2824 13,
729 2781 750 2814 8
775 2777 829 2814 ed.
858 2777 1026 2822 Dindorf3
1052 2777 1092 2813 T.
1118 2777 1194 2812 Liv.
1221 2775 1423 2819 XXXVIII,
1454 2779 1503 2810 11.
