1979 3326
773 322 1085 365 —169—

179 449 240 487 vel
274 447 496 497 respublica
530 446 679 486 deliaca
713 447 761 486 ab
799 458 845 485 ea
879 447 1133 485 discessisset.
1200 445 1283 484 Nec
1320 457 1438 485 causa
1473 445 1585 484 huius
1627 443 1683 483 rei

179 513 292 551 latet:
328 512 434 550 nulla
468 513 543 550 iam
579 511 765 549 securitas
801 515 885 550 erat
921 510 1056 558 templi
1092 509 1470 548 administratoribus
1498 509 1683 557 pecunias

180 574 241 612 dei
270 573 319 612 ab
348 574 406 612 his
436 574 657 612 civitatibus
686 573 954 621 recuperandi.
1017 573 1152 621 Itaque
1189 572 1303 610 credo
1339 583 1505 610 summas
1540 572 1627 610 illas
1664 583 1683 609 e

181 637 289 676 Teno
325 640 364 675 et
391 637 522 675 Minoe
555 637 691 675 insulis
726 640 931 684 perceptas
965 636 1120 674 ultimas
1158 634 1319 673 rediisse
1357 647 1376 673 e
1412 635 1586 682 pecuniis
1622 633 1684 672 dei

181 699 275 738 delii
302 700 406 748 apud
436 703 588 738 exteros
617 700 780 748 populos
810 699 966 738 foenore
996 699 1203 746 occupatis.
1262 697 1347 736 Tali
1376 696 1488 735 modo
1518 697 1686 745 explica·

180 766 263 810 tur,
301 774 370 801 cur
397 762 545 801 reditus
579 762 712 810 templi
747 762 864 800 annui
903 762 1102 809 (neglectis
1139 761 1192 798 eis
1229 771 1327 808 quae
1365 759 1686 807 expendebantur

182 826 387 874 quotannis
415 826 606 873 pecuniis)
636 824 785 863 duobus
815 825 979 863 saeculis
1001 825 1102 862 inter
1121 834 1287 862 marmor
1309 822 1579 861 Sandwicense
1599 834 1686 870 per-

182 889 366 936 scriptum
396 892 434 926 et
461 888 640 926 Demaris
668 898 810 925 annum
843 888 1084 935 interpositis
1122 885 1338 924 deciderint
1371 897 1394 924 a
1429 897 1497 923 sex
1529 885 1685 923 talentis

183 951 346 999 amplius
376 950 426 988 ad
453 950 529 988 duo
557 949 648 987 fere.

286 1014 414 1061 Atque
442 1013 542 1051 idem
572 1011 753 1059 efficitur,
796 1013 828 1050 si
856 1016 939 1051 tota
972 1013 1138 1060 pecunia
1174 1012 1235 1050 dei
1272 1016 1416 1060 quanta
1450 1011 1530 1049 fere
1558 1010 1686 1057 fuerit,

183 1079 412 1124 spectamus.
468 1075 528 1113 Ad
557 1077 669 1123 quam
699 1087 779 1114 rem
807 1076 839 1113 si
867 1087 944 1113 non
972 1080 1091 1122 certa,
1127 1079 1167 1114 at
1194 1075 1387 1123 probabili
1416 1076 1565 1113 ratione
1596 1086 1686 1111 enu-

183 1138 382 1177 cleandam
410 1139 593 1186 optimum
624 1137 715 1175 mihi
750 1138 902 1176 videtur
936 1137 1131 1186 proficisci
1166 1150 1241 1175 non
1276 1137 1325 1175 ab
1359 1138 1443 1183 illa,
1481 1148 1578 1185 quae
1615 1136 1688 1174 fuit

185 1201 255 1240 sub
291 1202 432 1239 exitum
468 1201 647 1239 Demaris
684 1202 794 1248 anni,
832 1202 931 1239 sacri
969 1202 1109 1239 aerarii
1146 1200 1390 1247 condicione,
1434 1199 1500 1237 sed
1539 1199 1586 1237 ab
1630 1210 1686 1245 ea,

184 1274 298 1312 quam
331 1264 426 1301 inito
461 1264 689 1311 magistratu
725 1264 954 1301 invenerunt
990 1263 1190 1311 hieropoei
1234 1263 1385 1301 Silenus
1429 1267 1465 1300 et
1506 1263 1687 1310 collegae,

186 1328 277 1376 quia
303 1327 504 1374 nonnulla,
541 1330 584 1365 ut
618 1338 736 1374 supra
764 1326 947 1373 vidimus,
984 1338 1058 1364 non
1099 1338 1142 1364 eo
1173 1338 1247 1374 quo
1277 1326 1470 1364 debebant
1503 1330 1688 1373 tempore,

186 1390 254 1430 sed
282 1400 382 1427 anno
410 1392 499 1437 post
527 1389 838 1427 absolvebantur.
890 1389 947 1426 Ad
977 1401 1041 1427 eas
1070 1390 1269 1436 pecunias,
1300 1400 1395 1437 quas
1417 1389 1613 1436 hieropoei
1634 1388 1689 1425 illi

185 1455 270 1503 ipso
297 1454 388 1492 anni
415 1452 524 1490 initio
553 1464 576 1490 a
604 1453 803 1500 superiore
832 1452 992 1500 collegio
1020 1457 1254 1499 acceperunt
1273 1452 1439 1490 traditas
1469 1456 1610 1495 (60929
1632 1451 1687 1488 dr.

186 1516 262 1562 4⁵le
281 1514 470 1562 obol.)‚⁶²)
499 1515 700 1553 addendae
721 1519 809 1553 sunt
837 1516 1000 1563 primum
1022 1515 1123 1561 illae,
1154 1526 1315 1563 quarum
1345 1516 1419 1553 iam
1448 1526 1565 1563 supra
1585 1525 1689 1551 men-

186 1580 328 1618 tionem
355 1578 442 1626 feci‚
470 1579 602 1617 illatae
631 1579 784 1627 quidem
813 1580 851 1616 in
882 1580 1074 1616 aerarium
1102 1579 1187 1626 ipso
1215 1579 1287 1616 1100
1314 1591 1425 1625 anno,
1456 1578 1524 1616 sed
1545 1589 1567 1615 a
1587 1579 1688 1625 prio-

186 1655 269 1682 rum
297 1644 373 1681 iam
402 1653 589 1681 annorum
619 1642 908 1690 magistratibus
937 1645 1144 1689 perceptae
1173 1641 1336 1689 ideoque
1370 1641 1417 1679 ad
1448 1641 1688 1688 superiorum

191 1717 379 1745 annorum
408 1706 557 1745 reditus
577 1705 804 1744 referendae
831 1708 877 1749 (c.
901 1709 1000 1743 8820
1017 1703 1168 1750 dr.)⁶³);
1198 1704 1336 1741 deinde
1357 1703 1580 1742 adiciendae
1603 1708 1691 1740 sunt

186 1770 373 1819 pecuniae
402 1773 557 1807 mutuae
586 1769 711 1814 datae,
742 1779 902 1816 quarum
933 1778 1116 1805 summam
1143 1768 1377 1814 ignoramus,
1407 1765 1475 1803 sed
1496 1778 1540 1804 ex
1561 1768 1689 1803 usuris

186 1833 384 1872 verisimili
413 1833 636 1871 coniectura
665 1831 712 1870 ad
747 1837 840 1869 1000
862 1830 920 1868 dr.
949 1831 1160 1868 aestimatis
1187 1831 1367 1878 colligere
1389 1842 1593 1878 possumus
1616 1842 1690 1869 non

187 1895 352 1934 maiores
380 1893 499 1933 fuisse
538 1899 583 1933 10
600 1900 673 1933 000
700 1894 756 1931 dr.
820 1894 990 1941 Quorum
1027 1895 1191 1931 omnium
1229 1895 1260 1931 si
1296 1906 1479 1932 summam
1517 1893 1690 1936 facimus,

187 1958 288 1996 huno
315 1956 396 1995 fere
422 1957 463 1995 in
490 1957 641 1996 modum
672 1968 802 1995 eorum
831 1957 963 1995 tabula
991 1957 1175 1994 constitui
1202 1961 1349 2004 potest:

187 2033 233 2071 In
264 2032 416 2071 aerario
445 2042 555 2070 sacro
584 2032 740 2069 inventa
769 2032 858 2069 anni
887 2032 1012 2069 initio:
1317 2037 1364 2071 60
1376 2037 1449 2070 9211
1467 2032 1523 2070 dr.
1541 2031 1616 2074 4⁵se
1631 2032 1690 2069 ob.

187 2097 300 2134 Anno
328 2094 401 2133 hoc
429 2095 513 2142 ipso
542 2094 662 2140 illata,
693 2093 760 2131 sed
788 2093 982 2142 prioribus
1011 2099 1214 2142 percepta:

239 2158 512 2198 Telesarchide
529 2163 645 2213 16998
655 2158 710 2196 dr.
729 2158 839 2201 4¹¹l12
848 2158 929 2215 ob.1
938 2197 1036 2230 3598
1047 2191 1102 2230 dr,
1123 2192 1233 2235 4¹¹s12
1250 2192 1309 2230 ob.

292 2221 476 2260 archonte
524 2213 646 2263 11600
656 2220 713 2259 dr.
913 2216 925 2261 l
1314 2163 1447 2329 }8819
1465 2220 1520 2258 dr.
1539 2220 1613 2262 3¹l6
1632 2219 1690 2257 ob.

241 2283 444 2323 Phocaeeo
473 2285 657 2323 archonte
963 2289 1035 2322 220
1046 2283 1103 2321 dr.
1121 2283 1196 2327 4¹s4
1247 2283 1306 2321 ob.

190 2346 251 2385 Ex
278 2348 429 2386 aerario
457 2347 675 2386 hominibus
705 2346 933 2395 quibusdam
954 2347 1114 2394 privatis
1143 2351 1298 2383 mutuae

241 2409 355 2449 datae
384 2421 460 2449 non
487 2411 669 2459 amplius:
1329 2415 1372 2446 10
1385 2415 1458 2447 000
1475 2409 1530 2446 dr.

784 2483 939 2522 Summa
967 2483 1162 2521 universa:
1191 2484 1294 2521 circa
1324 2486 1454 2521 79750
1472 2483 1528 2520 dr.

297 2556 402 2605 Ergo
439 2556 612 2596 videmus
641 2558 807 2595 omnium
845 2557 905 2595 dei
935 2559 1184 2605 pecuniarum
1222 2569 1402 2595 summam
1439 2558 1556 2595 fuisso
1585 2557 1694 2594 initio

195 2618 374 2658 Demaris
403 2620 492 2658 anni
514 2623 617 2658 certe
647 2625 778 2659 80000
799 2619 855 2658 dr.
886 2631 960 2658 nou
982 2620 1183 2658 maiorem:
1214 2631 1327 2668 quam
1348 2620 1442 2658 haec
1471 2620 1613 2658 distant
1644 2619 1693 2657 ab

282 2776 328 2823 ⁶²)
352 2776 495 2813 Demar.
520 2777 618 2812 arch.
643 2782 709 2812 rat.
735 2777 795 2811 lin.
813 2779 867 2813 37.
1007 2778 1054 2819 ⁶³)
1080 2777 1168 2812 Ibid.
1195 2777 1254 2812 lin.
1274 2780 1404 2812 40—41
1435 2782 1470 2811 et
1495 2779 1641 2812 47—50.
