1979 3326
742 306 1043 345 —141—

150 442 233 468 rum
252 442 403 479 quoque
431 430 585 467 nomina
611 428 833 475 afferuntur,
862 429 1000 476 quibus
1028 439 1112 465 cum
1141 428 1389 474 choragorum
1420 427 1635 465 nominibus

148 493 299 532 collatis
333 493 503 531 videmus
539 492 634 530 duos
671 493 770 530 cives
806 504 996 539 unumque
1031 491 1257 538 inquilinum
1285 491 1409 538 primo
1438 491 1522 528 loco
1552 501 1636 527 esse

147 557 186 594 in
204 557 380 603 catalogo
400 556 625 604 appellatos,
655 566 814 602 quorum
833 555 939 592 chori
966 555 1005 590 in
1034 554 1240 591 certamine
1269 554 1413 590 musico
1444 554 1639 598 vicerant3

146 629 230 656 cum
266 622 394 656 autem
430 618 593 655 maxime
630 618 783 659 mirum,
820 628 866 654 ne
903 616 1025 654 dicam
1054 615 1298 661 incredibile,
1327 616 1377 653 sit
1405 616 1506 653 senis
1535 617 1634 654 inter

145 693 185 719 se
219 681 395 728 choragis
430 680 667 718 certantibus
702 691 853 728 semper
886 680 995 717 binos
1024 681 1124 717 cives
1152 679 1398 726 singulosque
1427 679 1633 726 inquilinos

144 744 302 791 vicisse,
339 755 542 791 numquam
571 747 650 781 tres
678 744 780 781 cives
809 746 1076 790 metoecosque
1104 742 1253 786 ambos,
1283 753 1359 779 non
1386 741 1515 788 video,
1545 754 1637 789 quo-

144 807 257 846 modo
282 807 380 845 hanc
401 806 662 845 difficultatem
683 807 894 854 expediam,
915 807 988 844 nisi
1008 806 1129 853 legem
1154 806 1269 843 talem
1296 804 1414 843 fuisse
1443 806 1640 851 coniciam,

146 875 190 909 ut
219 874 411 909 metoecus
440 881 522 907 cum
552 874 741 916 metoeco,
770 871 871 908 cives
900 874 1025 908 autem
1054 871 1154 906 inter
1183 881 1222 906 se
1251 869 1298 906 de
1325 870 1484 906 victoria
1513 868 1642 906 decer-

145 937 287 981 tarent,
316 937 359 971 ut
389 944 540 980 semper
567 933 626 970 his
654 933 755 979 bina,
784 933 935 980 singula
961 933 1036 970 illis
1065 932 1248 970 darentur
1274 933 1456 979 praemia.
1508 932 1642 979 Neque

146 996 328 1035 abhorret
346 1007 370 1034 a
390 996 540 1034 ratione
566 996 629 1034 lex
656 996 757 1042 talis,
787 1007 863 1043 qua
890 995 1111 1041 cavebatur,
1139 1007 1186 1033 ne
1217 997 1317 1032 cives
1347 995 1642 1040 offenderentur,

148 1060 231 1108 qui,
260 1070 336 1107 qua
364 1063 474 1097 erant
500 1059 699 1107 superbia,
734 1059 795 1095 vix
823 1059 1001 1096 tulissent
1029 1069 1069 1096 se
1105 1070 1181 1096 non
1209 1057 1320 1095 modo
1349 1069 1433 1095 cum
1461 1059 1642 1095 metoecis

146 1124 187 1160 in
214 1126 406 1161 certamen
434 1122 678 1169 descendere,
708 1122 775 1159 sed
804 1122 917 1160 etiam
945 1121 993 1159 ab
1022 1122 1076 1159 eis
1105 1122 1292 1168 superari.

249 1185 308 1223 Ne
347 1185 439 1233 quid
472 1186 684 1233 neglexisse
719 1185 869 1232 videar,
911 1197 1045 1223 moneo
1081 1185 1169 1222 Deli
1211 1196 1363 1232 quoque
1406 1189 1448 1222 ut
1483 1184 1643 1222 Athenis

150 1249 311 1288 eundem
333 1249 522 1287 hominem
543 1249 774 1296 aliquotiens
794 1249 963 1295 potuisse
984 1249 1032 1286 ad
1051 1249 1270 1296 choragiam
1299 1248 1505 1295 designari,
1535 1249 1643 1286 cuius

149 1313 206 1350 rei
236 1312 410 1359 exempla
438 1312 635 1359 complura
662 1312 701 1349 in
729 1312 850 1349 titulis
879 1311 990 1349 modo
1020 1312 1184 1349 laudatis
1215 1316 1366 1350 servata
1393 1315 1500 1358 sunt,
1529 1310 1643 1357 idque

148 1374 311 1413 cadebat
338 1386 414 1412 non
440 1374 552 1412 modo
580 1376 618 1411 in
647 1375 758 1421 cives,
791 1374 857 1412 sed
886 1376 1000 1412 etiam
1028 1376 1067 1412 in
1095 1379 1299 1413 metoecos.
1354 1375 1425 1412 His
1445 1385 1530 1411 cum
1561 1374 1643 1421 ple-

149 1450 309 1486 rumque
351 1441 513 1485 paterna
554 1438 708 1475 nomina
749 1449 823 1475 non
858 1437 1055 1485 adscripta
1092 1438 1184 1483 sint,
1222 1449 1449 1485 quamquam
1488 1436 1642 1474 difficile

151 1501 354 1540 admodum
383 1505 441 1539 est
468 1500 690 1547 diiudicare,
719 1502 817 1538 sitne
847 1501 947 1538 idem
975 1501 1085 1538 homo
1114 1500 1262 1538 duobus
1291 1501 1330 1537 in
1359 1501 1480 1538 titulis
1510 1500 1641 1548 appel-

151 1565 252 1604 latus
295 1575 343 1602 an
383 1564 481 1602 alius
523 1564 693 1602 eiusdem
727 1564 906 1610 nominis,
941 1575 1056 1601 unum
1093 1568 1220 1601 tamen
1255 1564 1468 1611 exemplum
1505 1564 1642 1601 afferre

154 1638 310 1676 possum
330 1628 424 1665 nulli
453 1626 682 1665 dubitationi
712 1627 932 1665 obnoxium:
962 1628 1115 1665 Delicus
1136 1627 1304 1665 Drimaci
1324 1627 1347 1664 f.
1378 1630 1433 1673 (et
1459 1628 1580 1674 ipsius
1609 1633 1646 1664 et

153 1691 276 1738 patris
304 1691 457 1728 nomina
483 1694 560 1728 tam
595 1694 684 1728 sunt
717 1691 918 1733 inusitata,
954 1696 996 1728 ut
1032 1692 1167 1728 mirum
1201 1690 1402 1728 admodum
1439 1691 1505 1736 sit,
1541 1691 1572 1727 si
1606 1691 1646 1727 in

151 1753 299 1792 duobus
339 1754 555 1792 hominibus
599 1759 803 1792 occurrant
844 1753 992 1800 eadem)
1036 1754 1190 1791 chorum
1232 1755 1418 1801 tragicum
1460 1754 1644 1790 instruxit

152 1814 367 1854 Cleostrato
403 1817 584 1854 archonte
622 1822 671 1862 (a.
707 1815 889 1863 282›,¹¹⁹)
931 1817 1114 1854 comicum
1148 1839 1196 1842 —
1230 1816 1422 1863 Hypsocle
1458 1817 1641 1854 archonte

149 1883 199 1923 (a.
236 1877 412 1926 279).1²⁰)
475 1879 585 1926 Quod
626 1879 674 1918 ad
715 1879 902 1927 choi-agos
943 1891 962 1917 e
998 1879 1142 1917 civibus
1184 1880 1325 1917 electos
1370 1880 1526 1925 attinet,
1568 1884 1644 1916 tam

149 1940 268 1978 multa
301 1942 476 1990 exempla
502 1943 765 1989 inveniuntur,
801 1946 843 1979 ut
869 1943 908 1979 iu
936 1946 1063 1980 notam
1092 1943 1237 1980 reicere
1266 1953 1379 1990 quam
1409 1943 1641 1980 narrationis

148 2006 293 2042 textum
323 2004 377 2042 eis
406 2015 566 2043 onerare
593 2003 810 2049 malim.¹²¹)

240 2141 301 2184 ιι9)
325 2141 371 2186 H,
396 2141 457 2176 lin.
488 2143 539 2176 12.
687 2141 747 2182 12⁰)
774 2141 833 2182 lv,
860 2141 919 2176 lin.
950 2145 999 2177 16.
1149 2141 1210 2186 12Ι)
1238 2141 1410 2177 Stesileus
1435 2141 1579 2176 Diodoti
1604 2141 1644 2175 f.:

149 2198 267 2243 Apoll.
301 2199 434 2232 παίδων
461 2219 504 2224 -
530 2199 625 2234 arch.
659 2199 873 2234 Aristocrito
898 2204 944 2241 (a.
969 2202 1064 2243 284),
1103 2199 1246 2244 Dionys.
1283 2202 1440 2246 τραγῳδ.
1473 2221 1515 2225 -
1548 2199 1644 2234 arch.

149 2255 301 2291 Charino
328 2263 374 2296 (a.
391 2259 482 2299 280).
531 2256 729 2302 Theorylus
747 2257 964 2292 Diactoridis
981 2257 1020 2292 f.:
1047 2257 1193 2301 Dionys.
1220 2259 1352 2291 παίδων
1380 2279 1423 2283 -
1449 2258 1545 2292 arch.
1565 2257 1644 2291 Ari-

150 2313 296 2348 stocrito
321 2315 367 2357 (a.
385 2316 482 2359 284);
508 2314 653 2360 Dionys.
681 2316 818 2360 κωμῳδ.
844 2336 888 2340 -
913 2315 1008 2350 arch.
1036 2314 1234 2350 Cleostrato
1261 2316 1303 2359 (a.
1323 2318 1413 2357 282).
1464 2315 1644 2349 Androlas

153 2370 245 2406 Satti
262 2370 303 2406 f.:
329 2370 475 2416 Dionys.
501 2373 637 2406 παίδων
663 2393 706 2398 —
731 2373 826 2407 arch.
845 2373 1057 2407 Aristocrito
1083 2378 1127 2413 (a.
1145 2375 1241 2414 284);
1267 2372 1411 2417 Dionys.
1437 2373 1576 2417 κωμῳδ.
1603 2393 1645 2396 -

152 2428 248 2463 arch.
281 2428 478 2464 Cleostrato
510 2435 556 2470 (a.
580 2432 671 2471 282).
721 2430 892 2465 Stesileus
925 2430 1066 2474 Scymui
1096 2430 1135 2464 f.:
1175 2429 1291 2473 Apoll.
1319 2430 1451 2462 παίδων
1479 2451 1522 2454 -
1548 2429 1644 2464 arch.

149 2485 346 2521 Cleostrato
373 2487 418 2529 (a.
436 2488 534 2530 282);
559 2486 704 2532 Dionys.
730 2489 866 2532 κωμῳδ.
893 2508 935 2512 -
961 2487 1056 2521 arch.
1083 2487 1234 2521 Charmo
1261 2495 1305 2529 (a.
1324 2490 1414 2525 280).
1457 2487 1644 2530 Ergotoles

154 2542 384 2587 Theophanis
402 2542 441 2577 f.:
467 2543 612 2589 Dionys.
638 2545 772 2578 παίδων
798 2565 841 2570 -—
866 2545 961 2579 arch.
987 2545 1184 2579 Cleostrato
1201 2550 1247 2587 (a.
1265 2548 1362 2586 282);
1390 2545 1533 2589 Dionys.
1561 2558 1645 2589 τρα-

150 2601 234 2646 γῳδ.
261 2621 305 2626 -
329 2600 425 2636 arch.
443 2600 595 2636 Charmo
612 2605 657 2643 (a.
676 2605 766 2644 280).
816 2602 1073 2637 Neocrontides
1091 2602 1236 2646 Blepyri
1254 2603 1292 2636 f.:
1320 2602 1465 2646 Dionys.
1487 2603 1644 2647 τραγῳδ.

151 2677 194 2683 -
219 2656 314 2692 arch.
340 2657 537 2693 Cleostrato
563 2661 608 2701 (a.
632 2661 727 2704 282„
765 2659 909 2704 Dionys.
946 2660 1078 2693 παίδων
1105 2680 1149 2684 -
1174 2660 1269 2695 arch.
1305 2660 1456 2694 Charino
1483 2663 1527 2701 (a.
1553 2662 1644 2697 280).

152 2713 282 2749 Craton
298 2713 495 2750 Mnesiadis
512 2715 552 2750 f.:
578 2715 725 2761 Dionys.
743 2718 896 2762 τραγῳδ.
916 2738 957 2742 -
978 2717 1074 2751 arch.
1094 2717 1292 2751 Cleostrato
1312 2720 1354 2761 (a.
1374 2720 1472 2751 2823:
1500 2716 1644 2760 Dionys.

151 2772 288 2818 κωμῳδ.
315 2792 358 2798 -
381 2773 476 2808 arch.
495 2773 646 2808 Charino
665 2778 709 2817 (a.
728 2776 816 2818 280).
852 2774 1101 2818 Amphithales
1120 2774 1317 2818 Philonyuii
1336 2775 1374 2809 f.:
1397 2774 1539 2817 Dionys.
1559 2785 1645 2817 τρα-
