1957 3293
914 295 1219 338 —138—

329 417 489 465 publicis
517 418 727 465 elocandis,
762 423 964 468 antequam
992 422 1107 461 credo
1142 420 1382 473 ἐπιμελητῶν
1409 433 1545 461 munus
1579 426 1682 461 esset
1707 423 1815 462 insti-

327 484 459 517 tutum.
506 480 602 518 Nam
631 481 668 518 hi
693 480 892 531 μάρτυρες
922 482 1094 531 ἰδιωτῶν,
1125 490 1166 523 ut
1194 485 1437 533 appellantur
1465 491 1577 533 (quos
1604 496 1695 525 cave
1727 496 1811 524 cum

329 541 570 592 ἐπιμεληταῖς
589 543 810 591 confundas,
841 547 982 594 quippe
1012 548 1170 595 quinon
1201 546 1345 584 ἰδιῶται
1363 547 1516 595 fuerint,
1544 559 1674 587 verum
1694 546 1813 599 ἀρχή)

326 607 364 643 in
393 605 522 643 eodem
553 612 757 645 occurrunt
784 620 969 647 marmore
998 610 1337 658 Arundeliano,¹⁰⁹)
1367 610 1432 648 ubi
1452 611 1634 649 nonnulla
1653 611 1727 649 iam
1758 611 1814 648 in-

328 669 498 706 venimus
528 670 737 717 singularia
763 692 812 696 —
842 671 1000 709 eundem
1030 672 1318 720 hieropoeorum
1354 676 1470 720 atque
1497 683 1812 720 agoranomorum

327 731 510 778 scribam,
541 731 677 770 deinde
706 732 1002 780 undecimvirOS,
1037 735 1083 773 de
1113 736 1249 784 quibus
1277 736 1405 773 statim
1433 734 1552 773 verba
1577 733 1714 774 faciam
1742 748 1812 773 —:

327 805 423 841 quae
453 796 577 833 omnia
606 796 697 833 satis
726 797 966 843 explicantur
999 798 1100 835 tituli
1129 802 1275 844 aetate,
1311 809 1423 846 quem
1450 796 1499 836 ad
1537 798 1662 845 prima
1690 808 1813 845 paene

325 860 498 904 tempora
517 858 749 906 reipublicae
779 859 948 898 deliacae
979 860 1121 899 liberae
1149 859 1391 898 referendum
1422 871 1506 899 esse
1526 859 1739 899 Homollius
1767 871 1813 898 ex

325 919 445 957 titulis
474 931 497 957 a
525 931 565 957 se
592 921 755 958 inventis
785 921 1068 960 demonstravit.

427 982 484 1020 De
513 982 588 1019 τῶν
616 980 774 1031 ἕνδεκα,
810 996 904 1032 quos
940 985 1052 1024 modo
1081 986 1387 1033 commemoravi,
1422 997 1578 1024 munere
1612 984 1687 1023 dici
1720 985 1814 1023 nihil

324 1048 462 1092 potest,
492 1045 593 1093 quod
621 1047 738 1084 semel
767 1052 972 1085 occurrunt
998 1049 1099 1087 inter
1126 1053 1244 1087 testes
1263 1049 1450 1097 publicOS,
1479 1049 1543 1096 qui
1570 1048 1610 1085 in
1629 1047 1810 1096 operibus

324 1108 516 1146 elocandis
555 1108 796 1156 aderant.1¹0)
853 1111 962 1158 Quod
991 1111 1096 1150 Nenz
1131 1116 1258 1151 monet
1292 1112 1482 1150 diversum
1517 1121 1647 1149 eorum
1674 1121 1812 1148 munus

324 1170 442 1209 fuisse
480 1171 527 1209 ab
565 1173 910 1212 undecimvirorum
946 1175 1233 1213 Atheniensium
1262 1186 1438 1222 munere,
1471 1177 1574 1212 recte
1609 1172 1704 1210 illud
1731 1173 1813 1221 qui-

323 1234 406 1272 dem
442 1245 482 1272 se
517 1234 649 1281 habet,
693 1236 759 1274 sed
795 1248 1122 1284 supervacaneum
1151 1242 1226 1285 est,
1267 1239 1443 1286 quoniam
1481 1236 1635 1275 nomina
1670 1235 1764 1274 talia
1790 1247 1813 1274 a

322 1298 610 1345 magistratuum
647 1310 803 1337 numero
839 1301 977 1348 petita,
1014 1302 1046 1338 si
1081 1302 1196 1339 variis
1230 1302 1270 1338 in
1303 1299 1521 1338 civitatibus
1555 1299 1811 1345 inveniuntur,

322 1370 431 1396 nemo
467 1370 561 1398 sana
596 1365 719 1398 mente
754 1361 952 1408 praeditus
989 1361 1162 1400 conferre
1198 1366 1336 1410 potest.
1392 1361 1622 1401 Coniectura
1658 1362 1690 1399 si
1723 1361 1813 1400 licet

321 1423 395 1469 uti,
438 1421 613 1461 facillime
655 1425 821 1462 animum
856 1425 1089 1473 induxerim,
1130 1425 1248 1464 fuisse
1283 1426 1370 1464 illos
1408 1424 1688 1464 undecimviros
1723 1435 1811 1472 pry-

320 1489 430 1523 tanes
465 1486 717 1534 reipublicae,
754 1488 855 1535 quod
884 1488 922 1526 hi
952 1489 1174 1536 saepissime
1202 1489 1419 1537 hieropoeis
1454 1487 1660 1526 adfuerunt
1686 1487 1726 1524 in
1754 1498 1811 1525 re-

321 1547 392 1585 bus
434 1549 622 1595 gerendis.
691 1550 926 1598 Quamquam
968 1551 1246 1590 dubitationem
1286 1550 1381 1589 illud
1421 1553 1565 1596 movet,
1614 1548 1736 1598 quod,
1778 1550 1809 1587 si

321 1611 376 1648 ita
404 1622 465 1648 res
493 1610 583 1657 fuit,
619 1624 691 1650 non
722 1614 870 1651 nomine
905 1625 973 1652 suo
1008 1614 1273 1661 designantur,
1308 1613 1375 1652 sed
1409 1623 1586 1659 numero,
1613 1612 1722 1650 cuius
1750 1613 1807 1651 rei

324 1673 467 1711 nullum
496 1675 585 1712 mihi
613 1675 716 1713 aliud
746 1676 956 1724 exemplum
985 1681 1140 1724 praesto
1169 1680 1237 1715 est.
1293 1677 1336 1714 In
1363 1675 1488 1714 medio
1515 1675 1631 1724 igitur
1657 1685 1721 1713 res
1748 1686 1810 1713 re-

320 1737 527 1784 linquenda
555 1742 624 1775 est.

422 1800 624 1838 Munerum
641 1801 803 1848 illorum,
823 1802 963 1850 quibus
983 1802 1158 1841 solebant
1176 1803 1215 1840 in
1230 1802 1405 1850 plurimis
1425 1800 1642 1840 civitatibus
1661 1800 1808 1848 graecis

320 1862 534 1900 divitissimi
554 1864 654 1902 cives
676 1865 826 1903 onerari
847 1864 1088 1914 λειτουργιῶν
1108 1866 1269 1909 nomine,
1301 1865 1387 1903 Deli
1405 1875 1521 1902 unum
1540 1862 1801 1902 tantummodo

318 1926 483 1963 innotuit.
511 1948 559 1952 —
588 1927 820 1975 choragia.
863 1928 1123 1976 Choragorum
1143 1933 1365 1968 constanter
1383 1929 1523 1967 mentio
1551 1926 1595 1966 fit
1612 1928 1652 1966 in
1685 1926 1807 1965 titulis

320 1989 560 2036 quibusdam,
589 2001 684 2037 quos
713 1990 760 2028 ob
788 1991 908 2038 ipsam
936 1991 1034 2030 hanc
1061 2003 1216 2030 causam
1244 1991 1468 2039 choragicos
1492 1990 1689 2039 appellare
1717 2000 1805 2029 con·

320 2053 527 2089 saevimus:
566 2054 603 2090 in
623 2053 698 2091 illis
727 2055 824 2091 enim
844 2055 972 2092 statim
1001 2059 1089 2102 post
1110 2054 1310 2093 formulam
1340 2053 1530 2102 quandam
1550 2053 1654 2100 boni,
1681 2051 1807 2099 credo,

321 2115 455 2152 ominis
485 2125 601 2153 causa
636 2126 785 2163 semper
819 2117 1067 2164 praemissam
1103 2113 1178 2162 (ἐπὶ
1215 2116 1281 2153 τοῦ
1317 2115 1423 2153 δεῖνα
1457 2112 1652 2166 ἄρχοντος
1688 2113 1809 2164 ὑγίεια

319 2176 382 2212 καὶ
418 2175 597 2227 εὐετηρία
631 2174 804 2226 ἐγένετο)
842 2179 1180 2227 perscribebantur
1222 2190 1353 2218 eorum
1389 2179 1560 2226 nomina,
1603 2178 1667 2226 qui
1707 2177 1807 2216 ludis

318 2241 463 2286 magnis
485 2241 634 2287 annuis,
664 2241 874 2288 Apollineis
895 2246 932 2280 et
952 2242 1158 2290 Dionysiis,
1186 2242 1322 2280 choros
1347 2242 1474 2280 varios
1495 2241 1574 2279 suis
1594 2240 1807 2289 sumptibus

318 2304 524 2340 instructos
559 2303 596 2340 in
631 2315 806 2342 scaenam
841 2305 1120 2353 produxerant,
1155 2305 1321 2344 secundo
1357 2305 1441 2343 loco
1475 2315 1623 2351 eorum,
1660 2304 1725 2352 qui
1754 2307 1809 2354 τῷ

320 2363 402 2415 θεῷ
433 2362 696 2413 ἐπεδείξαντο,
725 2366 910 2406 artificum
939 2369 1085 2408 scilicet
1112 2370 1207 2408 varii
1235 2369 1402 2417 generis;
1436 2367 1628 2406 interdum
1657 2366 1805 2406 duabus

319 2427 376 2465 his
406 2429 601 2467 titulorum
631 2431 805 2477 partibus
833 2433 1100 2480 interponitur,
1129 2436 1172 2470 ut
1198 2433 1272 2470 iam
1301 2431 1458 2478 dictum,
1485 2430 1727 2469 vasculorum
1756 2429 1805 2468 ab

317 2490 498 2528 archonte
532 2496 813 2531 asservatorum
849 2494 1058 2542 catalogus.
1120 2495 1233 2533 Tales
1267 2493 1368 2532 tituli
1408 2492 1551 2541 publici
1585 2492 1679 2530 iuris
1713 2496 1805 2531 sunt

318 2552 408 2590 sacti
438 2553 636 2591 duodecim
666 2555 714 2592 ad
743 2567 862 2594 annos
890 2557 1127 2604 pertinentes
1155 2556 1381 2595 archontum
1408 2555 1626 2593 Aristocriti
1655 2561 1706 2601 (a.
1729 2560 1803 2594 284

321 2627 354 2653 a.
384 2614 475 2653 Chr.
504 2620 570 2663 n.),
600 2617 803 2656 Cleostrati
826 2624 874 2662 (a.
897 2624 1000 2666 282),
1030 2619 1181 2658 Charmi
1201 2624 1250 2665 (a.
1273 2621 1376 2666 280),
1403 2617 1607 2666 Hypsoclis
1627 2620 1678 2664 (a.
1700 2619 1803 2666 279),

409 2748 469 2790 ¹⁰9)
493 2747 571 2782 c.1.
586 2747 627 2782 G.
645 2749 745 2792 2266,
771 2747 830 2782 lin.
848 2750 891 2783 29
917 2753 952 2783 et
969 2748 1009 2782 B.
1028 2748 1087 2783 lin.
1106 2752 1210 2793 9sqq.
1308 2750 1368 2793 ¹¹⁰)
1394 2749 1431 2784 C.
1445 2749 1471 2784 1.
1488 2747 1528 2784 G.
1544 2749 1645 2793 2266,
1670 2747 1730 2783 lin.
1747 2749 1802 2784 25.
