1957 3293
895 288 1201 328 —194—

287 415 414 451 insula
443 413 693 460 prohiberent
721 412 813 450 deos
834 412 1083 459 alienigenas.
1126 410 1277 448 Idcirco
1306 420 1382 447 non
1401 409 1520 447 multo
1548 411 1636 457 post
1653 407 1794 446 Delum

288 476 358 513 sub
389 487 518 513 eorum
554 478 785 522 potestatem
822 473 1019 512 redactam
1049 472 1289 511 aedificatum
1329 475 1389 510 est
1416 471 1600 519 templum
1630 471 1795 518 Atarga-

290 538 380 576 tidis
418 538 734 585 Hierapolitanae
780 547 864 573 cum
902 535 1036 573 Adado
1072 536 1143 573 deo
1181 536 1407 573 coniunctae
1443 534 1503 571 vel
1535 530 1656 583 Ἁγνῆς
1696 530 1797 574 θεᾶς

292 599 508 650 Ἀφροδίτης
539 599 695 649 Συρίας,
725 611 821 647 quas
851 601 951 637 inter
980 611 1019 636 se
1049 611 1124 637 non
1152 599 1324 636 diversas
1351 601 1457 645 puto,
1485 595 1717 634 dissentiens
1746 594 1795 633 ab

290 664 496 701 Hauvettio
532 664 696 711 primum
734 662 974 710 Aphroditae
1010 662 1163 709 Syriae,
1201 660 1338 699 deinde
1377 658 1618 706 Atargatidis
1653 658 1796 696 cultum

291 727 427 764 Delum
457 727 705 773 importatum
729 725 914 772 opinanti,
943 728 1147 772 postquam
1178 725 1253 762 iam
1274 723 1377 759 illius
1399 722 1524 759 cultus
1553 720 1798 760 caerimoniis

290 788 503 836 phoeniciis
540 792 641 824 esset
676 785 927 834 purgatus.⁶⁶)
991 785 1051 822 Ad
1088 796 1200 832 quam
1239 785 1456 831 opinionem
1494 783 1674 822 inductus
1715 794 1798 822 esse

292 851 445 888 videtur
475 850 573 887 falsa
592 850 844 896 chronologia
871 849 1095 886 archontum
1117 847 1416 885 atheniensium:
1447 846 1550 895 quod
1579 847 1679 884 enim
1699 857 1800 884 anno

291 914 468 960 Dionysii
497 913 566 949 τοῦ
591 911 693 961 μετὰ
715 909 913 949 Λυκίσκον
941 914 1262 948 commemoratur
1290 909 1472 947 sacerdos
1501 908 1656 957 quidam
1686 908 1801 946 Atar-

292 975 433 1023 gatidis
463 987 509 1012 ex
529 975 731 1022 Hierapoli
760 972 1003 1013 oriundusffl)
1033 977 1148 1020 atque
1177 975 1328 1010 constat
1354 973 1487 1020 primis
1514 975 1662 1009 tantum
1691 971 1801 1008 annis

295 1039 437 1076 cultum
469 1037 563 1075 deae
593 1037 641 1074 ab
671 1037 887 1074 hominibus
917 1035 1023 1083 Syris
1052 1039 1298 1082 procuratum
1334 1046 1438 1080 esse,
1468 1044 1626 1072 necesse
1655 1033 1689 1070 ei
1718 1036 1802 1070 erat

293 1102 491 1148 religionis
530 1111 650 1137 novae
688 1100 965 1136 institutionem
1004 1097 1052 1135 ad
1081 1098 1194 1144 primi
1223 1108 1246 1134 a
1286 1096 1375 1134 Chr.
1406 1108 1441 1134 n.
1478 1096 1623 1134 saeculi
1658 1096 1802 1133 exitum

294 1164 462 1209 referre,
508 1164 567 1200 cui
606 1163 769 1209 tempori
804 1166 882 1199 tum
920 1161 1130 1207 Dionysius
1166 1161 1309 1197 archon
1345 1159 1458 1207 vulgo
1496 1157 1803 1204 adscribebatur‚

293 1228 518 1274 priusquam
557 1226 790 1262 Reinachius
827 1223 1046 1272 primus,⁶⁸)
1083 1222 1221 1260 deinde
1258 1220 1529 1265 Homollius⁶⁹)
1568 1220 1805 1258 demonstra-

295 1293 430 1326 verunt
469 1287 638 1325 secundo
668 1287 822 1324 saeculo
860 1297 944 1323 eum
983 1284 1112 1322 fuisse.
1170 1284 1281 1330 Quod
1309 1295 1393 1321 cum
1423 1285 1478 1322 ita
1505 1285 1567 1331 sit,
1597 1283 1702 1321 nulla
1728 1283 1805 1320 iam

296 1363 414 1389 causa
456 1351 709 1398 perspicitur,
754 1361 821 1386 cur
857 1350 1108 1396 seiungantur
1144 1347 1302 1385 dearum
1345 1347 1624 1385 simillimarum
1666 1345 1805 1392 cultus,

298 1415 475 1462 quoniam
509 1413 822 1450 verisimillimum
859 1416 917 1449 est
946 1411 1106 1449 eandem
1144 1410 1252 1448 deam
1289 1421 1374 1448 esse
1410 1409 1521 1448 modo
1550 1408 1806 1458 Atargatidis,

297 1477 409 1515 modo
438 1477 602 1514 Veneris
634 1477 767 1523 Syriae
804 1476 955 1513 nomine
996 1474 1243 1522 appellatam.
1313 1473 1475 1521 Quoque
1517 1472 1628 1511 modo
1668 1484 1731 1510 res
1765 1483 1806 1510 se

298 1541 426 1586 habet,
455 1545 559 1578 certe
589 1540 770 1586 templum
803 1540 935 1586 Syriae
965 1539 1060 1575 deae
1089 1537 1326 1575 atheniensis
1355 1536 1627 1575 dominationis
1655 1535 1805 1573 demum

299 1609 474 1650 tempore
504 1606 562 1640 est
591 1606 838 1640 exstructum.
904 1601 1007 1638 Idem
1036 1612 1110 1638 non
1141 1600 1302 1637 audeam
1332 1603 1410 1637 tam
1438 1597 1675 1637 confidenter
1703 1609 1807 1636 asse-

299 1677 433 1703 verare
473 1666 510 1702 in
550 1664 824 1702 Dioscurorum
865 1667 910 1700 et
947 1663 1174 1701 Cabirorum
1213 1662 1270 1699 vel
1313 1659 1563 1708 Διοσκούρων
1607 1659 1808 1710 Καβειῖοων

301 1733 480 1775 (utraque
512 1728 610 1764 enim
648 1727 798 1764 ratione
835 1725 1070 1773 appellatur)
1106 1724 1326 1772 templo,⁷⁰)
1364 1735 1448 1761 cum
1485 1727 1523 1761 et
1557 1724 1595 1761 in
1631 1723 1808 1762 Demaris

300 1791 494 1828 archontis
536 1789 752 1827 rationibus
794 1789 870 1826 iam
913 1791 1118 1826 occurrant
1158 1785 1258 1824 festa
1301 1785 1491 1834 quaedam
1536 1785 1800 1824 »Dioscuria-

301 1853 554 1902 appellata71)
597 1857 803 1899 notumque
847 1853 914 1897 sit,
958 1854 1196 1899 quantopere
1239 1861 1262 1888 a
1305 1849 1528 1887 Ptolemaeo
1571 1849 1806 1896 potissimum

302 1916 575 1963 Philadelpho,
618 1915 766 1952 insulae
801 1914 970 1960 fautore,
1013 1914 1253 1960 Arsinoeque
1298 1922 1417 1949 uxore
1453 1911 1534 1948 eius
1576 1911 1700 1949 altera
1733 1910 1810 1948 sint

301 1979 395 2017 culti
437 1978 498 2015 dei
540 1977 578 2014 hi
622 1976 897 2022 Samothracii,
941 1979 983 2012 ut
1024 1975 1117 2013 satis
1159 1973 1360 2022 probabile
1401 1974 1452 2011 sit
1491 1974 1565 2011 iam
1602 1976 1682 2010 tum
1716 1972 1809 2011 Dio-

304 2041 426 2078 scuris
457 2039 608 2076 Cabiris
645 2043 682 2076 et
710 2038 894 2085 templum
930 2040 1167 2074 exstructum
1197 2038 1235 2072 et
1269 2034 1370 2073 festa
1397 2047 1481 2074 esse
1510 2036 1702 2074 instituta:
1745 2046 1810 2074 an-

305 2105 401 2151 tiqui
446 2103 543 2140 euim
591 2102 768 2139 Dioscuri
810 2101 884 2146 illi,
935 2099 1133 2137 Castorem
1175 2098 1262 2136 dico
1306 2102 1345 2135 et
1389 2098 1605 2144 Pollucem,
1654 2109 1730 2136 non
1771 2098 1810 2135 in

305 2167 432 2203 multis
463 2165 682 2202 civitatibus
713 2163 808 2200 adeo
830 2163 1068 2209 colebantur,
1098 2167 1140 2199 ut
1159 2160 1259 2199 festa
1288 2162 1402 2199 etiam
1433 2161 1488 2198 eis
1508 2160 1809 2199 celebrarentur.

306 2229 415 2276 Quod
451 2232 577 2265 autem
614 2227 847 2264 Reinachius
883 2226 1019 2263 statuit
1056 2237 1102 2262 ex
1138 2226 1221 2271 ipso
1257 2223 1390 2271 templi
1428 2224 1578 2262 nomine
1615 2233 1810 2272 apparere

305 2293 429 2341 primo
465 2303 548 2328 esse
578 2291 788 2327 Dioscuros
825 2289 926 2327 solos
965 2289 1107 2334 cultos,
1143 2287 1280 2324 deinde
1316 2286 1365 2324 ad
1402 2297 1467 2324 eos
1502 2287 1712 2325 accessisse
1739 2284 1811 2324 Ca-

397 2451 444 2491 66)
470 2449 561 2483 Bull.
588 2448 619 2481 d.
647 2449 744 2481 (Jorr.
772 2446 863 2481 Ilell.
891 2446 950 2489 VI,
978 2457 1010 2490 p.
1031 2448 1181 2488 47osqq.
1305 2444 1351 2486 ⁶⁷)
1376 2443 1544 2478 Achaeus
1570 2443 1745 2488 Apollinii
1769 2443 1808 2478 f.:

309 2508 401 2542 Bull.
427 2507 458 2540 (l.
485 2507 582 2540 Corr.
611 2505 700 2539 llell.
717 2505 776 2548 vl,
803 2516 834 2548 p.
853 2508 931 2539 495».
1027 2504 1076 2546 68)
1102 2502 1187 2536 Rev.
1207 2501 1409 2545 archeolog.
1433 2503 1528 2537 1883.
1623 2501 1671 2543 ⁶⁹)
1698 2500 1812 2536 »Note

310 2576 370 2600 sur
404 2565 438 2598 la
471 2563 699 2605 chronologie
733 2562 794 2595 des
827 2561 1018 2596 archontes
1049 2559 1238 2594 atheniens
1271 2558 1313 2593 dc
1339 2558 1375 2592 la
1399 2557 1586 2593 deuxieme
1618 2558 1741 2594 moitie
1765 2557 1813 2593 du

310 2623 353 2657 11.
379 2621 485 2656 siecle
512 2631 565 2655 av.
591 2620 624 2654 J.
646 2620 766 2653 cluna:
801 2619 890 2653 Bull.
918 2618 949 2652 (1.
977 2619 1074 2652 Corr.
1102 2617 1193 2652 nell.
1220 2616 1264 2660 X,
1290 2627 1322 2660 p.
1341 2618 1463 2651 6—38.
1582 2614 1627 2660 ⁷⁰)
1653 2614 1813 2650 Reinach

314 2679 510 2722 »L'Inopus
525 2683 561 2711 et
575 2677 605 2711 le
621 2676 824 2711 sanctuaire
842 2675 904 2710 des
919 2675 1105 2710 Cabiresu:
1132 2674 1224 2709 Bull.
1240 2673 1272 2709 d.
1282 2674 1379 2708 Corr.
1388 2672 1563 2718 Hell.V11‚
1579 2683 1612 2718 p.
1621 2674 1813 2709 329—373.

401 2737 448 2779 7¹)
474 2735 615 2769 Demar.
642 2733 737 2768 arch.
764 2738 829 2767 rat.
856 2732 915 2766 lin.
939 2735 1010 2767 187.
