1979 3326
757 293 1067 334 —127-

167 431 260 458 nere
294 418 572 467 cognoscendo.
626 418 758 456 Primo
787 417 992 456 credebam
1026 415 1241 465 praefuisse
1276 416 1447 464 singulos
1489 417 1675 465 epistatas

161 486 318 521 senatus
352 483 522 521 consiliis
560 482 725 521 diurnis:
767 481 881 520 facile
918 485 997 519 tum
1033 481 1345 528 intellegeretur,
1384 491 1452 517 cur
1489 481 1527 517 in
1564 480 1676 518 donis

164 546 407 594 potissimum
453 545 690 593 accipiendis
737 545 1050 593 appellarentur3
1103 554 1189 580 nam
1235 554 1356 590 penes
1403 553 1467 580 eos
1515 543 1675 590 singulis

163 607 346 656 deinceps
380 608 516 647 diebus
553 607 672 646 fuisse
707 608 850 646 aerarii
883 607 1027 645 clavem
1071 606 1295 644 coniectura
1331 606 1428 643 satis
1462 604 1675 653 probabilis

162 670 333 709 videtur.
407 670 484 709 Sed
529 671 617 709 huic
663 671 833 719 opinioni
879 670 981 708 tituli
1026 668 1301 708 adversantur:
1357 669 1522 716 primum
1574 668 1674 705 enim

164 733 268 781 quod
306 734 346 771 in
381 734 582 772 Sosistrati
623 734 821 772 archontis
857 733 971 770 titulo
1012 732 1218 779 choragico
1254 731 1355 769 dona
1398 732 1474 769 tria
1516 735 1673 769 exstant

163 793 370 833 ἐπιστάτου
408 797 476 833 τοῦ
514 795 621 833 δεῖνα
661 797 814 835 nomine
854 796 1062 843 inscripta,
1103 795 1289 842 principis
1333 798 1489 832 senatus
1524 805 1677 840 nomen,

163 869 249 896 cum
284 858 334 896 ad
369 870 486 897 unum
520 859 633 898 modo
668 859 769 897 diem
796 859 1028 906 pertineret,
1062 858 1126 894 vix
1160 856 1320 894 inscribi
1355 857 1502 904 potuit;
1537 856 1676 894 deinde

163 921 204 958 in
239 920 418 959 Demaris
452 922 649 960 archontis
689 922 904 960 inventario
944 921 1078 968 templi
1122 919 1256 968 phiala
1299 919 1489 967 quaedam
1532 919 1678 957 donata

165 983 308 1022 dicitur
334 982 634 1026 ἐπιστατοῦντος
660 980 912 1033 Ἑβδομίσκου
940 982 1004 1019 καὶ
1033 980 1341 1031 Ἀπατουρίουβῗ)
1373 983 1481 1030 atqui
1510 982 1572 1020 die
1601 994 1677 1020 uno

165 1045 241 1084 duo
269 1051 426 1085 senatus
460 1048 657 1095 principes
685 1046 804 1085 fuisse
838 1047 944 1084 nullo
973 1045 1087 1083 modo
1116 1049 1290 1093 possunt.
1347 1045 1678 1083 Verisimillimum

166 1111 286 1159 igitur
312 1111 404 1149 mihi
431 1111 585 1149 videtur
617 1110 737 1149 fuisse
764 1110 835 1148 hos
871 1110 1057 1157 epistatas
1084 1108 1220 1156 templi
1247 1108 1463 1155 antistites,
1500 1109 1565 1156 qui
1593 1119 1678 1145 cum

165 1173 262 1212 alias
299 1175 381 1213 eius
407 1186 471 1213 res
498 1174 781 1223 procurabant,
816 1178 895 1211 tum
935 1171 1178 1220 accipiebant
1206 1171 1308 1209 dona
1349 1171 1410 1209 dei
1447 1171 1679 1218 hieropoeis‚

166 1236 199 1274 si
226 1247 303 1275 non
338 1238 415 1285 ipsi
442 1237 621 1285 aderaut,
657 1235 917 1281 tradenda-⁷³)
974 1235 1216 1273 simillimum
1244 1238 1320 1280 est,
1358 1233 1462 1282 quod
1497 1234 1535 1271 in
1565 1233 1675 1271 donis

168 1299 318 1348 aliquot
342 1312 415 1349 pro
449 1297 749 1342 ἐπιστατοῦντος
777 1300 846 1337 τοῦ
875 1298 982 1336 δεῖνα
1016 1298 1144 1336 verbis
1182 1297 1369 1344 scriptum
1404 1297 1545 1345 legitur
1580 1295 1680 1344 ἱερά-

167 1359 305 1404 ζοντος
339 1366 395 1413 τῷ
428 1360 634 1414 Ἀσκληπιῷ
671 1362 741 1399 τοῦ
779 1360 962 1407 ὃεῖναῑ74)
1010 1360 1159 1398 scilicet
1193 1359 1232 1396 in
1269 1359 1493 1407 Aesculapii
1534 1359 1677 1407 templo

168 1435 254 1462 cum
282 1426 445 1464 antistes
471 1427 653 1474 proprius
681 1437 758 1464 non
787 1429 902 1472 esset,
932 1423 1114 1462 sacerdos
1143 1422 1329 1460 antistitis
1359 1433 1511 1470 quoque
1541 1421 1677 1460 officiis

168 1486 332 1536 fungens
360 1488 462 1528 dona
489 1489 707 1537 accipiebat
739 1488 1035 1536 hieropoeisque
1063 1485 1256 1524 tradebat·
1312 1484 1464 1533 Optime
1501 1485 1681 1535 quadrat,

170 1550 274 1598 quod
301 1552 498 1590 rarissime
527 1556 586 1590 est
613 1551 850 1599 adscriptum
880 1551 1072 1598 epistatae
1101 1560 1239 1586 nomen
1266 1559 1399 1595 regum
1428 1549 1487 1586 vel
1516 1549 1679 1587 aliorum

170 1613 367 1652 hominum
401 1614 606 1653 clariorum
648 1614 759 1653 donis
795 1636 846 1641 —
881 1613 941 1650 his
977 1613 1143 1650 maiores
1185 1611 1434 1658 magistratus
1477 1611 1680 1658 vacabant,

172 1675 379 1715 donatores
407 1676 652 1724 humiliores,
689 1688 851 1725 quorum
888 1688 935 1714 ne
971 1675 1127 1713 nomina
1163 1673 1316 1722 quidem
1345 1673 1577 1721 afferuntur,
1615 1686 1682 1712 an-

170 1740 312 1778 tistites
340 1739 511 1778 adibant.
571 1739 716 1787 Quodsi
752 1750 889 1777 revera
927 1739 1116 1786 epistatae
1158 1736 1259 1774 ludis
1296 1736 1536 1775 celebrandis
1571 1748 1682 1785 prae·

170 1801 347 1850 fuissent,
374 1804 500 1851 primo
521 1803 605 1841 loco
625 1806 730 1841 certe
759 1813 892 1851 regum
912 1801 1015 1839 dona
1043 1804 1081 1838 et
1100 1800 1334 1847 legationum
1355 1811 1553 1838 sacrarum
1574 1810 1681 1838 acce·

171 1865 333 1913 pissent.
388 1865 525 1913 Neque
554 1866 808 1913 epistatarum
843 1875 980 1902 munus
1009 1874 1146 1911 magno
1183 1862 1302 1900 fuisse
1332 1863 1477 1901 honore
1507 1863 1564 1900 vel
1593 1862 1681 1900 inde

172 1932 349 1976 apparet,
377 1927 481 1976 quod
509 1938 554 1966 eo
582 1926 704 1965 functi
730 1927 910 1965 videntur
937 1927 1108 1971 iuvenes,
1137 1928 1342 1972 antequam
1372 1926 1536 1963 maiores
1565 1925 1682 1972 magi-

172 1996 317 2032 stratus
343 1996 539 2041 peterent:
583 1992 739 2031 Cineam
770 1993 869 2031 enim
890 1992 1082 2039 epistaten
1111 1988 1274 2027 eundem
1302 1999 1386 2026 esse
1415 1992 1530 2035 atque
1562 1988 1681 2033 illum,

173 2057 239 2104 qui
272 2055 458 2094 tredecim
486 2059 576 2104 post
603 2057 714 2094 annis
743 2055 872 2094 Sotele
893 2053 1077 2092 archonte
1108 2055 1157 2099 (a.
1181 2056 1270 2097 219)
1300 2051 1497 2098 hieropoei
1525 2061 1683 2088 munere

173 2123 234 2157 est
259 2117 432 2166 functus,
468 2130 540 2167 pro
569 2123 675 2157 certo
713 2118 836 2156 habeo
865 2120 1026 2165 propter
1061 2126 1198 2153 nomen
1226 2125 1315 2152 raro
1345 2114 1550 2158 usitatum3
1586 2113 1684 2150 veri-

174 2181 297 2220 simile
325 2182 441 2220 etiam
470 2181 586 2220 credo
616 2182 857 2230 Apaturium,
887 2181 952 2228 qui
982 2180 1166 2227 epistates
1196 2177 1269 2216 fuit
1297 2177 1472 2215 Chaerea
1499 2176 1683 2214 archonte

174 2247 226 2290 (a.
250 2247 352 2292 195),
380 2255 456 2283 non
485 2244 676 2283 diversum
698 2255 782 2282 esse
811 2243 860 2281 ab
880 2243 960 2289 illo,
990 2243 1055 2290 qui
1084 2253 1184 2280 anno
1213 2241 1431 2288 insequenti
1453 2240 1683 2287 quaestoris,

176 2317 211 2346 a.
249 2311 319 2346 191
357 2310 395 2345 et
435 2312 504 2346 188
539 2307 754 2355 hieropoei‚
796 2319 830 2345 a.
871 2311 941 2344 183
984 2305 1180 2344 archontis
1223 2315 1381 2341 munere
1418 2307 1477 2340 est
1517 2301 1683 2339 functus.

176 2369 324 2417 Quibus
352 2370 568 2409 rationibus
596 2370 772 2409 omnibus
802 2374 844 2407 ut
872 2370 1064 2407 sententia
1099 2380 1184 2406 mea
1211 2367 1406 2412 firmatur,
1442 2367 1496 2403 ita
1525 2366 1618 2414 quid
1647 2367 1681 2403 ei

176 2432 320 2480 obstet,
347 2444 424 2472 non
452 2433 581 2473 video:
618 2445 705 2472 nam
733 2437 890 2482 praeter
917 2443 1047 2471 rerum
1077 2431 1138 2469 dei
1167 2430 1552 2474 administrationem,
1584 2440 1682 2476 quae

174 2495 470 2544 hieropoeorum
498 2501 600 2544 erat,
636 2500 792 2544 praeter
820 2493 1030 2541 sacrificia,
1067 2505 1166 2543 quae
1195 2505 1219 2532 a
1256 2492 1458 2531 sacerdote
1488 2492 1683 2539 Apollinis

267 2638 314 2681 ⁷²)
339 2638 481 2673 Demar.
511 2637 608 2673 arch.
634 2638 704 2672 inv.
730 2637 791 2672 lin.
816 2639 871 2672 75.
1001 2636 1044 2680 ⁷³)
1073 2635 1119 2671 Ut
1145 2635 1298 2669 Athenis
1323 2644 1465 2678 quoque
1492 2634 1623 2668 scimus
1650 2634 1684 2667 in

177 2695 320 2741 templis
345 2695 520 2741 epistatas
545 2695 676 2730 fuisse:
702 2695 739 2729 C.
753 2694 780 2728 Ι.
795 2694 837 2728 A.
865 2693 892 2737 Ι,
915 2696 971 2739 32,
996 2693 1040 2727 A.
1066 2692 1127 2727 lin.
1158 2694 1207 2726 18.
1349 2692 1392 2736 ἲ4)
1419 2691 1560 2725 Demar.
1587 2690 1684 2725 arch.

178 2753 248 2788 inv.
274 2752 337 2788 lin.
361 2755 499 2789 43-45
524 2758 560 2788 et
583 2754 740 2789 47—48:
770 2751 928 2796 quinque
953 2750 1066 2785 habes
1091 2748 1265 2794 exempla.
