1990 3326
948 283 1230 324 -10—

444 411 701 450 Refelleretur
729 410 824 448 haec
850 421 936 447 mea
964 409 1105 456 opinio,
1135 408 1166 445 si
1196 417 1344 454 revera,
1373 409 1416 444 ut
1442 406 1572 444 multis
1599 406 1693 444 viris
1721 405 1845 444 doctis

341 475 480 520 visum,
517 475 654 512 Thesei
683 474 749 511 illa
778 474 938 520 eiusque
976 471 1155 509 comitum
1184 470 1338 508 saltatio
1375 469 1530 517 depicta
1558 472 1662 508 esset
1689 469 1729 506 in
1759 479 1845 506 vas-

340 537 424 574 culo
458 537 687 584 perantiquo
724 548 770 573 ex
806 535 1016 572 inventoris
1060 534 1210 571 nomine
1250 533 1604 582 »Franeois·vase‹
1650 531 1844 578 audiente,

341 598 441 646 qnod
477 603 580 637 certe
625 602 683 636 est
718 596 1050 635 Pisistratidarum
1088 599 1215 633 aetate
1252 596 1455 633 vetustius.
1512 595 1588 634 Sed
1620 595 1741 642 Naxi,
1777 594 1844 632 ubi

340 662 550 709 antiquitus
570 662 644 698 iam
665 660 834 698 Ariadne
856 659 913 696 vel
934 658 1103 706 Ariagne
1132 662 1174 695 ut
1194 657 1357 705 Dionysi
1385 669 1483 696 uxor
1502 660 1587 696 erat
1614 657 1730 704 culta,
1762 669 1840 695 non

340 724 426 762 Deli
463 723 557 760 haec
591 723 652 769 agi
687 722 942 759 certissimum
984 720 1077 757 mihi
1119 719 1271 758 videtur
1308 719 1577 758 documentum
1619 730 1738 757 senex
1780 719 1844 758 ille

341 787 446 824 canis
487 785 653 832 capillis,
705 796 824 831 prope
867 784 1007 821 Thesei
1048 794 1183 820 navem
1226 786 1364 820 natans
1404 782 1665 830 remigumque
1707 781 1841 820 oculos

339 849 557 886 mirantium
593 848 631 884 in
666 858 706 884 se
748 850 993 892 convertens,
1036 857 1149 893 quem
1183 845 1359 893 equidem
1396 844 1648 883 Gaedechens
1690 848 1846 883 secutus

342 915 475 949 contra
504 910 749 947 Welckerum
777 909 966 946 neminem
1003 908 1119 946 alium
1155 919 1239 946 esse
1274 911 1369 955 puto
1403 908 1479 945 nisi
1513 906 1703 946 Glaucum
1738 907 1845 944 illum

341 972 598 1019 marinum,³¹)
629 973 693 1020 qui
715 972 817 1010 Naxi
836 971 1035 1010 Ariadnen
1063 983 1193 1010 amore
1214 982 1282 1009 suo
1302 970 1450 1009 frustra
1475 973 1705 1020 prosecutus
1728 972 1845 1018 atque

343 1048 365 1074 a
394 1036 566 1083 Dionyso
594 1036 787 1083 choroque
817 1036 898 1072 eius
928 1036 1077 1072 vinctus
1107 1033 1314 1081 dicitur.³²)

444 1099 594 1137 Solonis
623 1109 699 1136 non
728 1098 923 1146 antiquius
954 1102 1013 1135 est
1041 1101 1182 1145 aetate,
1212 1097 1315 1146 quod
1343 1097 1528 1136 habemus
1556 1099 1703 1135 certum
1729 1095 1847 1134 docu-

346 1167 512 1199 mentum
533 1161 772 1199 Athenarum
802 1171 885 1198 cum
908 1160 1194 1208 amphictyonia
1221 1159 1371 1198 deliaca
1396 1159 1694 1198 coniunctionis:
1725 1158 1848 1206 legem

342 1225 426 1262 dico
455 1224 501 1262 de
532 1224 714 1261 Deliastis
744 1235 765 1261 a
797 1223 935 1261 Solone
966 1222 1107 1270 datam,
1137 1234 1251 1271 quam
1281 1223 1476 1260 exstitisse
1504 1223 1545 1260 in
1573 1222 1657 1260 eius
1686 1219 1849 1270 κύρβεσι

342 1287 500 1326 tradidit
529 1287 751 1325 Athenaeus
780 1289 890 1333 teste,
919 1289 962 1323 ut
989 1285 1152 1333 videtur,
1183 1284 1458 1331 Polemone-³³)

433 1418 479 1461 31)
506 1416 758 1461 Gaedechens,
793 1415 948 1450 Glauces
982 1415 1045 1450 der
1076 1414 1274 1460 Meergott‚
1306 1426 1339 1460 p.
1371 1417 1447 1460 ¹493
1481 1415 1670 1460 Welcker,
1702 1414 1846 1450 Griech.

342 1474 577 1518 Getterlehre,
604 1476 625 1509 3
649 1485 682 1518 p.
708 1475 781 1507 160.
921 1472 967 1515 32)
993 1472 1124 1507 Athen.
1151 1472 1230 1517 VII,
1255 1483 1289 1516 p.
1308 1474 1413 1508 296a.

429 1532 475 1574 ³³)
500 1531 629 1565 Athen.
649 1531 709 1575 VI,
737 1541 769 1575 p.
789 1532 856 1565 234
871 1540 899 1564 e.
914 1529 936 1563 f.
988 1530 1211 1573 Quamquam
1236 1529 1296 1564 hic
1323 1529 1504 1564 Athenaei
1536 1529 1636 1564 locus
1672 1529 1760 1564 mihi
1786 1529 1847 1564 ad-

343 1590 482 1625 modum
509 1595 563 1625 est
589 1594 794 1633 suspectus:
822 1598 892 1622 non
911 1588 1015 1633 enini,
1041 1592 1081 1623 ut
1107 1592 1306 1632 exspectes,
1332 1587 1375 1622 de
1403 1587 1566 1622 deliastis
1591 1587 1670 1631 lege
1689 1591 1848 1632 cavetur,

343 1648 404 1683 sed
425 1648 467 1683 de
493 1648 731 1692 praeconibus
750 1647 900 1691 duobus,
926 1657 1077 1690 quorum
1094 1650 1201 1681 antea
1217 1645 1317 1680 nulla
1332 1645 1465 1680 mentio
1481 1643 1579 1680 facta
1596 1648 1661 1689 est,
1686 1643 1851 1679 creandis

343 1706 458 1749 iisque
477 1717 495 1740 e
514 1707 678 1750 κηρύκων
698 1709 814 1749 gente,
833 1714 942 1747 quum
961 1714 978 1738 e
996 1703 1100 1738 titulo
1119 1703 1221 1738 nobis
1247 1702 1385 1738 deliaco
1404 1702 1587 1746 cognitum
1605 1701 1652 1737 sit
1675 1701 1850 1737 deliastae

342 1774 487 1798 munere
520 1764 680 1797 functum
711 1762 880 1797 Medeam
912 1761 1032 1796 Medei
1066 1761 1089 1796 f.
1115 1761 1321 1796 Piraeensis
1347 1759 1454 1801 (Bull.
1482 1760 1514 1794 d.
1541 1760 1640 1795 Corr.
1665 1759 1759 1794 Hell.
1784 1759 1849 1804 ΠΙ,

343 1823 491 1864 11379),
523 1820 580 1855 cui
606 1820 739 1854 nullam
771 1830 850 1853 cum
886 1818 1049 1863 κηρύκων
1084 1822 1190 1862 gente
1224 1817 1528 1852 necessitudinem
1557 1815 1806 1852 intercessisse
1831 1827 1850 1851 e

344 1877 646 1912 Ps.—Plutarchea
672 1877 744 1911 vita
768 1876 925 1921 Lycurgi
952 1879 999 1920 (p.
1018 1878 1099 1917 842)
1125 1879 1283 1919 constat,
1314 1874 1375 1909 ubi
1401 1873 1579 1919 ἐξηγητὴς
1605 1873 1648 1913 ἐξ
1671 1871 1849 1914 Εὐμολπι-

322 1930 331 1938 “
345 1935 419 1967 δῶν
450 1935 560 1969 fuisse
579 1934 711 1969 dieitur
735 1934 812 1975 (cfr.
831 1933 1101 1976 Dittenbergeri
1127 1932 1170 1968 de
1196 1932 1362 1978 κηρύκων
1389 1936 1494 1976 gente
1511 1931 1792 1976 disputationem
1814 1931 1851 1966 in

345 1991 497 2026 Hermae
524 1992 602 2025 Vol.
621 1992 706 2035 XX,
739 1993 846 2026 1-40
879 1995 915 2025 et
940 1990 1035 2034 quod
1061 1990 1106 2024 ad
1131 1989 1299 2025 Medeum
1324 1989 1499 2034 pertinet,
1529 1999 1563 2033 p.
1592 1990 1663 2033 18);
1701 1987 1851 2033 accedit,

345 2049 438 2092 quod
465 2059 646 2093 nunquam
674 2059 890 2092 praeconum
914 2059 1060 2083 munere
1086 2047 1260 2082 deliastae
1279 2051 1363 2082 sunt
1386 2045 1512 2091 functi,
1538 2044 1634 2090 quod
1659 2045 1791 2081 scimus
1815 2049 1852 2080 et

344 2107 474 2141 atticae
489 2105 740 2140 dominationis
760 2110 795 2140 et
812 2105 1032 2149 reipublicae
1047 2105 1218 2140 Deliacae
1236 2104 1371 2139 liberae
1385 2102 1607 2148 temporibus
1621 2102 1850 2138 commissum

346 2164 547 2197 hominibus
581 2162 742 2197 mercede
770 2162 955 2197 conductis
982 2163 1034 2205 (C.
1061 2163 1086 2196 I.
1114 2162 1156 2196 A.
1183 2162 1228 2206 II,
1253 2163 1362 2206 814b,
1389 2160 1449 2195 lin.
1474 2162 1543 2203 28).
1592 2159 1711 2203 Quare
1742 2169 1852 2203 quum

347 2220 474 2254 Kailiel
511 2221 546 2254 in
573 2220 750 2254 Athenaei
778 2219 946 2254 editionis
973 2220 1196 2264 praefatione
1227 2218 1429 2253 luculenter
1460 2216 1716 2252 demonstrarit
1739 2215 1852 2252 Athe-

346 2277 425 2311 naei
452 2288 541 2321 opus
567 2277 611 2310 ab
638 2282 846 2321 excerptore
873 2277 994 2320 aliquo
1020 2276 1065 2311 ad
1090 2287 1154 2311 nos
1180 2275 1386 2320 pervenisse
1412 2274 1658 2319 decurtatum,
1690 2283 1762 2309 non
1787 2272 1850 2308 du-

346 2335 438 2372 bito.
471 2335 556 2378 quin
583 2335 640 2369 hic
667 2345 808 2378 quoqne
834 2334 988 2369 hominis
1014 2334 1111 2369 illius
1136 2334 1243 2378 culpa
1267 2331 1490 2367 interciderit
1528 2331 1685 2376 genuina
1711 2329 1852 2366 Solonis

347 2392 403 2426 lex
436 2391 479 2425 ad
509 2391 680 2425 ‹leliastas
710 2391 893 2435 pertinens
926 2401 997 2425 una
1023 2402 1102 2426 cum
1133 2391 1267 2435 verbis,
1300 2389 1429 2434 quibus
1451 2388 1497 2424 ad
1524 2389 1681 2434 κήρυκας
1708 2385 1853 2423 transiit

347 2449 571 2491 Athenaeus,
607 2448 816 2492 praesertim
850 2459 958 2491 quum
984 2448 1020 2481 in
1054 2458 1210 2482 errorem
1242 2446 1408 2481 inductus
1441 2456 1519 2481 esse
1544 2444 1704 2490 potuerit
1734 2453 1779 2479 ea
1801 2453 1852 2487 re,

347 2505 439 2548 quod
456 2505 490 2538 in
506 2505 736 2548 sequentibus
755 2515 949 2549 praecones
968 2515 1108 2548 quoque
1129 2505 1164 2538 in
1178 2503 1282 2538 Delio
1301 2503 1515 2548 παρασιτεῖν
1534 2501 1704 2537 iubentur
1722 2505 1851 2544 (quan—

347 2573 451 2605 quam
478 2573 545 2596 non
579 2562 666 2596 satis
698 2562 883 2606 intellego,
916 2572 1007 2605 quae
1039 2561 1265 2597 necessitudo
1296 2560 1390 2594 inter
1413 2569 1474 2594 eos
1506 2558 1683 2602 deumque
1708 2557 1852 2592 Delium

348 2619 614 2656 intercesserit).
655 2619 733 2661 Qua
758 2618 999 2662 disputatione
1025 2628 1111 2653 cave
1137 2617 1262 2653 credas
1287 2617 1403 2661 ipsam
1421 2615 1562 2651 Solonis
1586 2614 1702 2659 legem
1725 2614 1763 2649 in
1787 2613 1851 2650 du-

348 2675 442 2710 bium
469 2675 602 2709 vocari:
630 2675 717 2709 nihil
744 2675 840 2709 aliud
865 2675 1108 2710 demonstrare
1134 2675 1229 2710 volui
1253 2675 1323 2710 nisi
1348 2673 1528 2709 exstitisse
1546 2671 1690 2716 quidem
1716 2681 1805 2715 eam,
1830 2680 1853 2705 a

350 2731 537 2767 Polemone
555 2733 782 2776 exscriptam,
809 2732 870 2767 sed
896 2733 1060 2775 ignorare
1079 2743 1143 2768 nos
1169 2742 1382 2776 semperque
1399 2731 1638 2775 ignoraturos,
1663 2738 1756 2773 quae
1773 2727 1852 2771 lege
