1979 3326
754 342 801 348 —
864 318 1059 360 203—

155 443 446 493 magistratibus
483 447 551 482 aut
586 442 853 481 sacerdotibus
888 440 1020 480 addita
1054 444 1143 478 sunt
1177 439 1294 478 verba
1321 437 1362 476 ἐν
1390 437 1519 488 Δήλῳ,
1556 437 1659 486 quod

156 517 483 556 supervacaneum
512 510 626 552 esset,
656 506 688 543 si
717 516 847 544 omnes
868 508 997 542 essent
1016 503 1154 541 deliaci
1183 524 1232 530 —
1261 502 1404 539 idcirco
1425 502 1657 539 mentionem

154 568 292 609 faciam
319 569 432 607 modo
452 580 595 615 eorum,
625 579 722 616 quos
743 567 828 606 aliis
859 567 973 605 etiam
1003 578 1022 603 e
1043 566 1164 603 titulis
1185 568 1336 603 constat
1363 564 1511 601 insulae
1539 562 1658 600 fuisse

154 632 346 681 proprios.

258 694 481 733 Sanctitatis
512 692 664 731 laudem
693 693 906 740 antiquitus
935 691 1115 729 traditam
1146 702 1230 728 cum
1256 690 1328 728 hac
1357 700 1508 737 quoque
1530 693 1659 727 aetate

155 757 276 796 Delus
295 756 422 794 insula
440 756 648 794 obtinuerit
676 777 726 782 ——
754 756 861 793 cuius
882 755 938 792 rei
959 754 1099 792 Strabo
1121 758 1178 791 est
1198 755 1308 791 testis
1328 751 1659 800 gravissimus‚¹¹⁰)

156 820 223 868 qui
255 820 296 857 in
328 819 436 858 brevi
475 819 625 857 insulae
659 830 787 857 rerum
829 819 1074 856 enarratione
1116 818 1345 855 mentionem
1386 820 1514 853 tamen
1554 813 1658 858 facit,

157 886 338 931 quantam
360 882 617 920 Athenienses
646 893 778 920 curam
798 882 919 919 sacris
948 882 1021 918 rite
1043 880 1284 918 celebrandis
1314 879 1570 927 impenderint
1597 899 1659 923 —-,

154 946 291 983 mirum
324 944 448 983 videri
475 956 551 983 nou
578 948 706 992 potest
740 945 903 992 primum
939 944 987 982 ab
1017 944 1221 991 epimeleta
1253 943 1377 981 locum
1413 943 1514 979 inter
1542 942 1660 988 magi-

157 1011 302 1047 stratus
331 1007 500 1046 deliacos
528 1007 740 1045 obtinuisse
761 1008 997 1052 duumviros‚
1027 1017 1188 1054 quorum
1217 1006 1316 1043 vele
1338 1006 1490 1043 nomine
1519 1003 1564 1040 οἱ
1590 1001 1661 1040 ἐπὶ

156 1069 212 1108 τὰ
245 1069 426 1119 ἱεράῙΠ)
460 1074 569 1118 patet
603 1070 823 1108 mandatam
857 1071 904 1107 iis
938 1069 1057 1108 fuisse
1091 1080 1220 1107 rerum
1257 1069 1422 1107 omnium
1460 1078 1656 1105 sacrarum

159 1133 549 1180 administrationem,
590 1137 633 1171 ut
668 1132 917 1180 profanarum
952 1133 1122 1171 curatori
1158 1143 1305 1169 summa
1341 1135 1424 1168 erat
1459 1130 1659 1178 permissa.

157 1196 215 1235 De
235 1195 495 1244 singularibus
525 1206 656 1234 eorum
676 1193 810 1232 officiis
838 1194 933 1231 illud
953 1198 1057 1232 certe
1077 1198 1230 1232 constat
1258 1193 1450 1241 (quamvis
1472 1202 1658 1239 nusquam

158 1260 207 1298 sit
225 1260 341 1308 plane
360 1259 562 1303 traditum)
591 1269 773 1296 summam
804 1269 933 1295 eorum
964 1268 1094 1294 curam
1123 1256 1242 1294 fuisse
1262 1256 1426 1303 positam
1454 1256 1492 1291 in
1512 1254 1662 1291 sollem-

156 1322 269 1361 nibus
302 1323 376 1360 rite
410 1322 609 1370 gloriaque
644 1321 796 1358 insulae
834 1320 946 1368 digne
983 1319 1226 1357 celebrandis
1263 1330 1348 1356 cum
1377 1318 1462 1355 aliis
1497 1322 1575 1355 tum
1606 1318 1662 1354 in-

156 1382 305 1433 primis*
318 1384 460 1431 Deliis,
498 1395 596 1432 quae
624 1389 713 1432 post
749 1383 880 1431 templi
909 1383 1282 1420 administrationem
1318 1386 1584 1428 recuperatam
1614 1379 1663 1417 ab

156 1447 457 1486 Atheniensibus
499 1448 629 1485 statim
670 1446 849 1485 videntur
892 1446 1159 1494 redintegrata
1202 1449 1239 1483 et
1282 1446 1320 1482 in
1355 1445 1520 1492 primum
1563 1444 1664 1480 inter

157 1508 261 1549 festa
288 1511 416 1549 omnia
442 1511 566 1549 locum
594 1511 774 1548 restituta
803 1522 900 1556 esse,
929 1515 966 1548 et
995 1510 1208 1557 Apollineis
1238 1519 1354 1556 (quae
1384 1518 1405 1544 a
1435 1506 1558 1544 Deliis
1586 1516 1662 1543 non

158 1571 278 1611 fuisse
298 1572 451 1612 diversa
470 1574 625 1621 saepius
645 1574 720 1611 iam
741 1574 880 1619 monui,
901 1574 974 1611 nisi
995 1573 1096 1621 quod
1118 1573 1324 1620 quotannis
1347 1569 1662 1608 celebrabantur.

161 1646 245 1673 cum
274 1636 342 1674 illa
369 1637 672 1685 quinquennalia
700 1640 858 1682 essent),
887 1641 1005 1684 atque
1034 1635 1146 1674 ambo
1175 1636 1213 1672 in
1233 1635 1354 1672 titulis
1383 1633 1495 1670 huius
1525 1632 1663 1670 aetatis

159 1697 457 1744 occurrunt.¹¹2)
511 1699 663 1737 Thesea
697 1703 903 1746 praeterea
938 1697 1171 1746 appellanda
1208 1702 1313 1741 sunt,
1349 1707 1448 1744 quae
1477 1695 1516 1731 in
1550 1694 1662 1731 titulo

162 1761 330 1802 nondum
360 1762 462 1801 edito
491 1766 849 1807 commemorantur,
878 1766 920 1798 ut
948 1772 1094 1798 mecum
1123 1760 1392 1798 liberalissime
1421 1769 1491 1805 per
1510 1757 1662 1794 litteras

157 1826 452 1864 communicavit
471 1825 700 1871 Homoliius,
721 1829 760 1862 et
781 1824 983 1869 Hermaea,
1005 1834 1167 1871 quorum
1187 1822 1418 1859 mentionem
1440 1820 1663 1867 Fougueres

157 1888 302 1926 invenit
327 1887 467 1926 factam
495 1888 535 1925 in
563 1888 689 1926 tribus
716 1888 839 1925 titulis
869 1887 1065 1935 ephebicis
1094 1897 1217 1933 nuper
1252 1884 1301 1922 ab
1331 1895 1375 1921 eo
1405 1884 1535 1920 erutis.
1594 1881 1664 1919 Ce-

157 1954 282 1989 terum
308 1949 349 1988 id
377 1950 499 1988 solum
528 1954 680 1989 constat
698 1949 817 1988 fuisse
848 1950 917 1988 hos
945 1951 1192 1997 magistratus
1213 1959 1361 1985 annuos
1392 1957 1478 1984 cum
1508 1957 1554 1983 ex
1577 1945 1663 1982 aliis

159 2013 295 2060 titulis,
323 2017 403 2050 tum
433 2024 480 2051 ex
507 2012 696 2065 ἀπαρχῶν
723 2013 867 2059 tabula,
897 2025 916 2050 e
946 2012 1085 2060 quibus
1114 2012 1348 2059 perspicitur
1376 2008 1566 2058 peridem
1597 2019 1663 2045 eos

157 2076 341 2124 temporis
377 2077 543 2124 spatium
579 2088 737 2114 munere
773 2075 924 2113 functos
963 2086 1046 2113 esse
1082 2079 1197 2122 atque
1233 2073 1456 2111 archontem
1494 2071 1661 2109 Athena-

155 2136 334 2184 rum;¹¹⁸)
369 2142 521 2177 creatos
556 2142 681 2177 autem
719 2150 784 2177 eos
822 2150 906 2176 esse
943 2142 984 2175 ut
1020 2135 1244 2186 ἐπιμελητὴν
1279 2137 1494 2184 putaverim
1531 2146 1606 2172 non
1643 2146 1664 2171 a

157 2201 346 2240 cleruchis
374 2200 545 2248 deliacis,
574 2201 643 2239 sed
671 2212 694 2239 a
721 2202 899 2239 contione
928 2200 1159 2238 atheniensi:
1190 2199 1370 2237 videntur
1400 2200 1499 2236 euim
1530 2197 1662 2235 eadem

157 2261 239 2302 fere
269 2262 457 2311 dignitate
491 2263 609 2302 fuisse
646 2269 762 2312 atque
798 2268 955 2301 curator
993 2262 1228 2311 eandemque
1265 2262 1446 2299 habuisse
1482 2262 1520 2297 in
1550 2260 1664 2297 rebus

157 2326 300 2372 sacris,
335 2337 448 2374 quam
478 2326 541 2364 ille
570 2327 609 2364 in
637 2326 809 2375 profanis
839 2325 1172 2371 administrandis,
1211 2325 1498 2363 auctoritatem.
1536 2329 1596 2367 ut,
1634 2323 1664 2359 si

158 2391 315 2426 curator
349 2387 631 2436 quodammodo
666 2400 751 2427 cum
786 2388 969 2426 archonte
1010 2388 1247 2425 Athenarum
1284 2387 1498 2435 comparari
1538 2390 1665 2433 potest

158 2461 360 2499 eponymo,
390 2449 428 2487 οἱ
454 2447 513 2488 ἐπὶ
542 2450 589 2488 τὰ
617 2450 704 2501 ἱερά
732 2451 927 2488 archontis
957 2451 1057 2497 regis
1087 2449 1267 2487 simillimi
1296 2449 1457 2497 putandi
1488 2449 1574 2485 sint.

251 2599 316 2639 ιι0)
341 2597 458 2633 Strab.
484 2598 529 2641 X,
553 2601 586 2642 5,
610 2602 643 2633 4.
784 2600 845 2639 ¹¹¹)
870 2598 907 2632 C.
923 2597 949 2631 I.
964 2597 1006 2632 G.
1025 2599 1115 2631 2306
1140 2602 1175 2631 et
1192 2597 1313 2632 2306h
1340 2596 1440 2630 add:
1465 2595 1565 2638 ’.Ινῖήν
1606 2593 1665 2634 IV,

160 2665 194 2699 p.
212 2656 280 2690 462
302 2658 351 2697 (n.
374 2657 444 2698 16);
480 2654 573 2690 Bull.
600 2655 633 2689 d.
660 2655 757 2690 Corr.
784 2654 876 2689 Hell.
898 2654 956 2697 vl,
983 2665 1015 2698 p.
1035 2656 1119 2695 348,
1146 2654 1223 2694 vn,
1251 2665 1282 2698 p.
1301 2656 1384 2688 337:
1413 2652 1508 2688 VIII.
1538 2663 1569 2695 p.
1593 2653 1665 2685 126.

252 2711 316 2755 ¹¹⁹)
341 2710 434 2746 Buu.
460 2711 492 2746 d.
519 2711 618 2747 Corr.
644 2711 736 2747 Heu.
764 2712 827 2756 111,
852 2723 885 2756 p.
903 2714 980 2747 379.
1139 2712 1199 2753 ¹¹³)
1226 2711 1262 2745 C.
1278 2711 1303 2745 1.
1320 2713 1362 2745 Α.
1382 2710 1426 2746 11.
1451 2712 1529 2748 935,
1555 2709 1596 2743 fr.
1624 2708 1665 2743 D.

160 2769 226 2804 col.
243 2768 290 2814 11,
314 2768 374 2804 lin.
392 2771 437 2805 29
462 2774 498 2804 et
521 2768 563 2803 fr.
591 2768 632 2804 E.
659 2769 724 2804 col.
743 2769 770 2812 1,
797 2769 856 2803 lin.
876 2771 1021 2804 38—40.
