1957 3326
876 295 1158 336 -40-

269 418 380 464 festa,
410 419 549 466 quibus
577 419 651 466 ipsi
679 418 959 467 praesiderent,
988 423 1026 458 et
1053 419 1239 467 dignitate
1269 423 1307 458 et
1333 419 1526 459 hominum
1554 420 1773 470 frequentia

268 486 464 528 augerent.

371 544 533 591 Quoquo
560 543 671 581 modo
703 543 749 581 de
782 543 853 581 hac
885 555 969 581 cum
998 544 1121 581 Deliis
1154 544 1292 592 agendi
1321 545 1470 584 ratione
1500 545 1667 594 iudices,
1697 546 1770 585 hoc

269 612 327 644 est
355 606 560 644 tenendum
590 606 844 644 Athenienses
874 618 996 654 neque
1026 607 1168 654 primos
1198 606 1315 645 fuisse
1343 619 1467 655 neque
1496 608 1668 652 ultimos,
1705 609 1771 658 qui

270 670 325 706 ita
353 670 390 706 in
421 669 608 716 legitimos
637 668 787 706 delubri
817 668 1019 706 clarissimi
1047 668 1219 707 dominos
1255 670 1516 708 consulerent:
1546 672 1770 718 praeierunt

270 731 366 776 Elei,
397 742 512 778 quum
542 729 614 767 sibi
634 730 893 768 vindicassent
923 729 1100 767 ludorum
1117 730 1380 778 Olympiorum
1407 731 1656 781 προστασίαν,
1686 734 1770 771 iure

268 793 575 841 repugnantibus
604 793 759 838 Pisatis,
789 804 885 840 quos
915 793 962 831 ob
992 793 1130 830 iustam
1158 793 1290 840 templi
1319 795 1444 841 erepti
1471 795 1568 833 iram
1595 796 1635 833 in
1655 796 1774 834 servi—

271 861 391 894 tutem
421 857 535 894 etiam
563 855 813 903 redegerunt3
851 860 1004 893 secutus
1035 860 1093 893 est
1121 855 1414 894 Atheniensium
1444 857 1659 906 exemplum
1687 869 1771 896 cum

271 921 383 958 lason
420 919 616 956 Pheraeus
645 922 845 966 assumpta
866 918 1089 966 Pythiorum
1118 919 1329 965 curatione,
1359 922 1437 956 tum
1466 920 1612 958 maiore
1641 925 1774 959 aucto-

270 984 382 1020 ritate
413 982 615 1029 Philippus
644 980 827 1027 Macedo,
857 981 918 1018 cui
946 981 1266 1029 Amphictyoniae
1295 981 1496 1029 delphicae
1532 983 1772 1031 principatus

271 1045 413 1093 gradus
442 1044 567 1082 factus
597 1048 666 1090 est,
695 1055 765 1091 per
793 1055 905 1091 quem
925 1043 975 1082 ad
995 1055 1181 1081 summum
1210 1045 1327 1082 totius
1356 1044 1544 1083 Graeciae
1571 1046 1773 1094 imperium

277 1107 348 1145 sibi
377 1106 676 1155 comparandum
707 1105 945 1144 ascenderet.

375 1171 512 1208 Verum
543 1170 616 1208 hoc
644 1170 692 1208 ab
713 1169 1015 1208 Atheniensibus
1045 1170 1262 1207 institut-um
1291 1169 1430 1208 festum
1455 1169 1645 1209 deliacum
1665 1173 1775 1220 quin·

271 1234 460 1282 quennale
490 1244 683 1280 nunquam
707 1232 755 1270 ad
785 1244 879 1279 eam,
910 1244 985 1280 qua
1014 1232 1216 1279 florebant,
1245 1245 1292 1271 ne
1321 1233 1446 1272 dicam
1474 1237 1657 1282 quattuor
1684 1235 1774 1274 illae

275 1295 502 1347 πανηγύρεις
522 1297 688 1333 omnium
709 1295 958 1342 Graecorum,
980 1295 1255 1333 Panathenaea
1273 1295 1536 1345 Dionysiaque
1556 1298 1686 1345 attica,
1714 1310 1775 1337 ce·

271 1360 487 1398 lebritatem
516 1365 632 1406 atque
663 1357 917 1406 frequentiam
938 1360 1158 1406 pervenisse
1188 1359 1401 1397 luculenter
1429 1364 1593 1408 apparet
1619 1372 1667 1398 ex
1698 1373 1775 1400 om-

272 1424 374 1460 nium
405 1422 484 1460 fere
514 1423 743 1469 scriptorum
773 1421 945 1459 silentio:
976 1422 1084 1459 cuius
1113 1422 1169 1459 rei
1197 1432 1317 1460 causa
1335 1423 1548 1470 praecipua
1575 1425 1705 1463 nescio
1725 1435 1774 1463 an

273 1486 415 1524 fuerint
443 1497 505 1523 res
533 1484 729 1530 adversae,
760 1483 898 1531 quibus
929 1484 1029 1522 bello
1058 1484 1388 1532 Peloponnesiaco
1416 1488 1499 1524 tota
1527 1485 1694 1525 Graecia
1720 1487 1777 1526 ita

272 1553 331 1586 est
360 1548 510 1595 obruta,
540 1552 582 1585 ut
602 1558 796 1595 nunquam
826 1547 914 1584 inde
943 1558 1139 1594 emergere
1169 1551 1284 1595 atque
1313 1548 1518 1595 pristinum
1547 1552 1689 1587 statum
1716 1561 1777 1589 re-

272 1622 458 1659 cuperare
486 1615 629 1658 posset.

374 1674 484 1712 Unus
513 1674 774 1712 tantummodo
805 1678 932 1712 exstat
952 1673 1153 1712 Plutarchi
1181 1674 1300 1721 locus,
1330 1674 1395 1713 ubi
1423 1674 1619 1713 sollemnis
1648 1674 1776 1723 huius,

274 1738 426 1775 nominc
456 1741 624 1775 ceterum
655 1748 729 1774 non
759 1736 904 1782 addito,
932 1737 1073 1774 mentio
1102 1735 1180 1774 fiat.
1235 1736 1341 1774 Dicit
1369 1737 1486 1784 enim,
1515 1749 1631 1785 quum
1659 1741 1777 1776 antea

275 1801 375 1838 sacri
405 1799 510 1838 chori
539 1800 588 1838 ad
617 1799 754 1838 festum
783 1799 971 1837 deliacum
990 1798 1155 1847 profecti
1183 1799 1287 1836 nullo
1317 1798 1450 1837 ordine
1478 1810 1691 1848 magnoque
1719 1804 1778 1838 tu-

272 1863 392 1900 multu
413 1863 461 1900 ad
482 1864 643 1901 insulam
665 1863 860 1910 appellere
881 1862 983 1900 soliti
1004 1866 1144 1908 essent,
1160 1861 1310 1900 Niciam
1329 1861 1615 1900 architheorum
1634 1861 1778 1901 factum

272 1926 428 1964 chorum
449 1938 557 1963 suum
579 1926 760 1964 Rheneae
781 1926 818 1962 in
847 1929 991 1963 terram
1020 1925 1257 1972 exposuisse,
1285 1924 1423 1963 deinde
1452 1925 1554 1963 omni
1581 1930 1775 1974 apparatu

272 1990 498 2027 instructum
520 1994 635 2036 atque
656 1993 833 2027 ornatum
853 1989 982 2026 iuncto
1003 1991 1119 2036 ponte
1135 1987 1273 2025 Delum
1293 1988 1347 2025 ita
1366 1987 1597 2036 traduxisse,
1617 1992 1661 2026 ut
1681 1988 1776 2027 nihil

273 2051 445 2089 ordinem
473 2051 667 2098 turbaret3
701 2051 802 2090 idem
831 2053 888 2089 vir
915 2051 1125 2089 ditissimus
1160 2051 1398 2099 eximiaeque
1432 2052 1472 2089 in
1500 2051 1593 2090 deos
1621 2052 1777 2100 pietatis

272 2115 418 2162 magnis
448 2114 557 2152 donis
587 2114 727 2152 ibidem
757 2118 937 2152 narratur
964 2114 1220 2161 locupletasse
1248 2114 1440 2161 Apollinis
1467 2114 1663 2163 templum,
1691 2126 1778 2153 cum

273 2177 400 2225 palma
435 2189 480 2213 ex
509 2188 598 2214 aere
627 2176 746 2222 facta,
783 2188 880 2224 quae
910 2180 1046 2224 postea
1080 2180 1193 2214 vento
1222 2187 1357 2214 eversa
1389 2177 1429 2214 in
1457 2177 1669 2216 Naxiorum
1697 2181 1775 2216 sta·

273 2244 375 2276 tuam
412 2239 514 2276 illam
549 2239 741 2287 Apollinis
775 2250 949 2286 maguam
985 2239 1136 2285 incidit,
1174 2242 1253 2277 tum
1288 2238 1406 2278 fundo
1441 2239 1609 2287 quodam
1643 2239 1776 2278 decem

273 2302 417 2339 milium
447 2301 725 2349 drachmarum,
756 2303 864 2339 cuius
893 2301 1041 2340 fructus
1061 2302 1109 2341 ad
1130 2303 1263 2350 epulas
1284 2302 1419 2341 diebus
1438 2301 1547 2341 festis
1567 2302 1690 2341 Deliis
1710 2314 1778 2352 ap-

275 2363 469 2411 paraudas
490 2365 846 2412 impendebatur.⁴⁰)
876 2365 985 2403 Hanc
1001 2366 1135 2403 Niciae
1151 2366 1337 2404 theoriam
1352 2366 1528 2414 plerique
1542 2365 1776 2404 Boeckhium

277 2428 398 2465 secuti
419 2428 467 2464 ad
489 2426 548 2465 Ol.
565 2434 626 2474 30,
643 2434 664 2466 3
687 2432 744 2473 (=
767 2434 856 2472 418)
879 2428 1172 2475 1·ettule1·unt,⁴1)
1193 2429 1372 2476 quoniam
1392 2439 1412 2466 e
1433 2427 1631 2467 Plutarchi
1649 2427 1777 2467 verbis

277 2494 485 2537 appareret
513 2490 608 2528 alias
630 2492 703 2528 iam
734 2491 902 2529 theorias
931 2491 980 2528 ab
1009 2491 1094 2529 aliis
1115 2490 1369 2529 architheoris
1389 2490 1524 2529 ductas
1545 2490 1777 2539 aliquotiens

275 2553 312 2590 in
350 2553 513 2591 insulam
552 2554 700 2592 venisse
736 2554 811 2599 (bis
847 2557 970 2601 certe,
1000 2554 1058 2591 Ol.
1086 2559 1147 2601 88,
1174 2558 1196 2592 3
1226 2557 1264 2592 et
1292 2553 1350 2591 Ol.
1371 2557 1433 2601 89,
1458 2556 1517 2601 3),
1551 2564 1650 2602 quae
1685 2565 1776 2593 vero

368 2691 416 2732 ⁴⁰)
440 2688 623 2724 Plutarch.
650 2688 709 2722 vit.
736 2687 814 2724 Nic.
840 2697 917 2733 cap.
935 2691 967 2724 3.

365 2747 412 2788 ⁴¹)
439 2745 594 2781 Boeckh.
623 2745 870 2781 Staatshaush.
897 2745 929 2780 d.
956 2745 1117 2780 Athener
1142 2745 1198 2780 11³
1224 2757 1256 2791 p.
1273 2747 1329 2782 85.
