1957 3293
895 283 1202 324 —130—

306 408 354 447 ab
381 409 464 456 ipso
490 408 634 446 Nenzio
661 408 803 446 nullam
830 407 942 445 aliam
964 407 1013 445 ob
1041 417 1193 445 causam
1223 417 1306 444 esse
1327 410 1523 453 statutum,
1551 406 1626 444 nisi
1651 406 1793 446 viatica

306 482 374 509 cur
393 472 438 508 iis
458 470 652 517 darentur,
680 474 722 508 ut
741 470 965 518 explicaret;
997 469 1169 517 equidem
1199 480 1335 507 censeo
1355 468 1672 518 acquiescendum
1693 481 1791 518 esse,

306 533 393 571 dum
414 534 498 571 aliis
519 544 669 581 quoque
698 532 908 570 rationibus
929 532 1219 579 hieropoeorum
1246 531 1390 580 publici
1417 533 1510 570 iuris
1531 531 1644 571 factis
1664 531 1790 571 denuo

305 594 472 646 ἐφοδίων
509 597 735 634 mentionem
764 597 1016 642 inveniamus,
1055 606 1139 633 cum
1168 595 1216 633 ad
1245 607 1326 633 eam
1356 596 1582 634 sententiam
1611 595 1791 634 inclinem

310 661 438 698 nescio
458 671 532 707 quo
555 671 644 697 casu
666 660 726 696 hic
745 658 898 703 factum,
927 662 969 695 ut
988 659 1127 696 viatica
1154 658 1372 705 acciperent
1399 657 1572 705 logistae.
1617 657 1791 696 Alterum

308 733 396 759 vero
417 720 581 759 officium
602 722 754 759 tabulas
774 721 859 759 illas
880 719 1102 759 conficiendi
1131 721 1281 758 minime
1309 719 1491 758 abhorret
1517 731 1541 758 a
1566 720 1789 768 logistarum

307 795 475 830 munere,
504 785 616 832 quale
637 784 810 832 equidem
838 784 1032 832 intellego:
1061 795 1145 821 cum
1174 784 1271 821 enim
1300 783 1590 831 hieropoeorum
1617 783 1790 832 inprimis

308 847 353 884 iis
382 848 549 884 rationes
569 846 791 894 probandae
821 850 958 893 essent,
987 845 1098 884 facile
1126 850 1185 884 est
1212 845 1261 883 ad
1280 845 1509 883 credendum
1537 857 1692 884 curasse
1721 856 1788 884 eos

307 909 444 960 στήλην
475 910 779 958 proponendam,
814 911 852 947 in
887 921 963 958 qua
995 911 1177 957 scriptum
1212 913 1330 956 esset,
1367 912 1548 957 quantum
1583 908 1788 957 quotannis

307 973 547 1019 locationum,
576 974 829 1021 vectigalium,
858 985 1058 1012 usurarum
1088 973 1293 1011 secundum
1320 973 1439 1021 legem
1467 971 1594 1010 redire
1621 971 1792 1010 deberet.

307 1037 358 1073 At
385 1036 588 1074 tenendum
618 1041 675 1074 est
703 1036 908 1075 divinando
934 1036 1028 1074 haec
1057 1048 1139 1074 esse
1159 1037 1325 1082 inventa,
1353 1035 1449 1073 certi
1474 1035 1568 1072 nihil
1595 1033 1790 1081 traditum,

307 1110 353 1136 ne
382 1099 428 1137 de
457 1111 613 1137 numero
643 1099 807 1147 quidem,
836 1100 900 1147 qui
920 1103 1046 1137 tamen
1074 1098 1190 1136 fuisse
1218 1097 1368 1135 videtur
1387 1097 1603 1145 quinarius:
1631 1097 1665 1135 is
1692 1098 1791 1135 enim

306 1163 491 1199 maximus
521 1166 589 1208 est,
619 1163 725 1199 cuius
745 1162 886 1199 mentio
905 1172 1069 1209 unquam
1098 1159 1174 1207 fiat,
1203 1171 1288 1198 cum
1306 1159 1536 1207 aliquotiens
1562 1162 1642 1198 tres
1662 1159 1794 1208 appel-

309 1224 445 1271 lentur,
474 1224 638 1262 Demare
668 1224 849 1262 archonte
879 1223 1121 1272 quattuor.⁸¹)

409 1287 606 1326 Postremo
636 1286 954 1325 commemorandi
983 1290 1071 1324 sunt
1106 1284 1342 1336 ἀγορανόμοι
1369 1289 1468 1332 tres,
1502 1285 1542 1323 in
1569 1295 1691 1324 annos
1718 1286 1794 1323 sin-

308 1350 416 1396 gulos
445 1351 585 1395 creati,
621 1349 758 1397 quibus
787 1348 858 1387 fori
896 1354 934 1387 et
960 1348 1123 1387 fortasse
1158 1347 1265 1386 urbis
1294 1348 1438 1386 viarum
1475 1357 1569 1386 cura
1604 1349 1794 1396 permissa

308 1417 402 1459 erat,
431 1418 632 1460 praeterea
660 1424 679 1450 e
707 1412 841 1450 Nenzii
870 1413 1090 1450 coniectura
1123 1411 1216 1449 satis
1244 1410 1434 1458 probabili
1469 1411 1633 1448 omnium
1662 1410 1792 1450 aedifi-

307 1476 450 1513 ciorum
477 1475 727 1522 publicorum‚
756 1486 839 1512 cum
867 1476 905 1511 in
934 1474 1113 1522 operibus
1134 1473 1327 1512 elocandis
1355 1472 1523 1511 adfuisse
1552 1483 1617 1512 eos
1646 1474 1696 1512 sit
1716 1478 1793 1513 tra-

309 1537 493 1583 ditumss‘a‘)
535 1538 786 1585 Praecipuum
814 1542 916 1575 certe
946 1549 1074 1575 eorum
1094 1549 1228 1575 munus
1256 1541 1352 1580 erat,
1379 1541 1423 1574 ut
1448 1537 1488 1574 in
1515 1535 1597 1576 foro
1623 1536 1796 1585 pondera

312 1611 584 1647 mensurasque
612 1601 846 1648 inspicerent
873 1601 1127 1648 punirentque
1155 1599 1388 1647 venditores,
1423 1600 1454 1637 si
1483 1600 1550 1648 qui
1577 1598 1684 1639 falsis
1712 1605 1795 1639 ute-

311 1667 454 1709 rentur,
483 1667 597 1711 atque
624 1663 671 1701 ad
693 1675 774 1701 eam
794 1675 873 1700 rem
901 1668 1144 1702 asservarent
1163 1668 1369 1702 metrorum
1397 1665 1562 1702 omnium
1582 1664 1794 1712 specimina

309 1725 460 1773 publice
489 1727 796 1764 constitutorum:
839 1725 1028 1764 affirmare
1063 1727 1134 1765 hoc
1168 1737 1365 1774 possemus
1399 1726 1559 1765 aliarum
1597 1727 1793 1765 civitatum

313 1789 485 1836 exemplo
520 1787 625 1835 freti,
661 1790 807 1826 etiamsi
842 1789 934 1826 nihil
969 1789 1076 1827 nobis
1105 1789 1284 1827 traditum
1315 1793 1416 1828 esset
1443 1789 1490 1827 de
1518 1789 1618 1828 libra
1643 1790 1790 1828 minore

311 1851 350 1887 in
379 1849 624 1900 ἀγορανομίᾳ)
652 1852 778 1899 posita
805 1855 877 1902 (τῷ
900 1851 1004 1902 ζυγῷ
1033 1855 1086 1902 τῷ
1117 1849 1289 1889 ἐλάττονι
1317 1855 1372 1903 τῷ
1395 1850 1435 1890 ἐν
1461 1851 1795 1903 ἀγορανομίῳβθ).

313 1913 435 1951 Semel
463 1915 575 1952 etiam
610 1915 736 1952 scriba
771 1925 900 1953 eorum
929 1915 1162 1963 appellatur,
1199 1915 1266 1954 sed
1299 1916 1393 1954 mire
1421 1927 1512 1955 sane
1550 1913 1796 1966 γραμματεὺς

313 1975 509 2025 ἱεροποιῶν
538 1975 601 2012 καὶ
629 1974 885 2025 ἀγορανόμων
914 1976 1207 2024 nominatur‚⁸⁴)
1245 1977 1346 2026 quod
1375 1988 1467 2016 casu
1500 1978 1627 2026 potius
1655 1977 1796 2016 factum

313 2050 395 2076 esse
434 2039 665 2086 putaverim,
707 2042 749 2075 ut
789 2038 886 2076 idem
923 2039 1033 2077 homo
1068 2039 1251 2077 ambobus
1294 2041 1582 2088 magistratuum
1625 2040 1794 2089 collegiis

312 2106 529 2150 appareret,
558 2112 667 2149 quam
698 2113 848 2149 semper
875 2101 992 2140 fuisse
1020 2102 1113 2140 haec
1140 2113 1297 2140 munera
1325 2103 1538 2141 coniuncta.

416 2165 464 2202 Hi
493 2169 582 2202 sunt
608 2164 840 2212 reipublicae
861 2164 1029 2203 deliacae
1059 2165 1302 2212 magistratus
1323 2164 1517 2212 ordinarii,
1548 2165 1614 2214 qui
1641 2165 1794 2214 quidem

313 2227 437 2265 adhuc
464 2228 715 2273 innotuerint,
751 2237 875 2275 neque
912 2238 969 2265 me
1005 2228 1206 2275 quicquam
1240 2228 1411 2265 omisisse
1439 2227 1575 2275 credo,
1614 2227 1717 2276 quod
1749 2227 1796 2266 de

314 2290 471 2338 singulis
506 2290 580 2327 dici
615 2290 673 2327 vel
708 2291 882 2337 cognosci
917 2290 1057 2337 possit3
1098 2289 1145 2328 de
1182 2290 1353 2328 omnibus
1388 2293 1515 2328 tamen
1550 2300 1674 2338 pauca
1707 2294 1797 2328 sunt

313 2352 522 2391 adicienda.
579 2352 636 2389 De
673 2352 775 2389 nullo
810 2351 962 2400 quidem
994 2357 1100 2391 certa
1132 2353 1280 2391 ratione
1307 2355 1477 2399 constat,
1505 2351 1667 2391 fueritne
1694 2356 1797 2391 sorte

313 2427 361 2454 an
389 2415 567 2463 suffragio
602 2415 763 2461 electus;
797 2415 864 2453 sed
898 2416 929 2453 si
966 2414 1084 2453 fastos
1118 2414 1337 2463 diligentius
1369 2415 1644 2463 perscruteris,
1677 2414 1797 2453 multa

403 2565 449 2606 ⁸¹)
476 2563 545 2598 Cfr.
572 2563 682 2598 fastos
708 2563 862 2598 deliacos
888 2562 932 2597 ab
958 2562 1133 2597 Homollio
1159 2561 1370 2597 constitutos
1395 2561 1460 2597 sub
1484 2561 1587 2597 annis
1611 2563 1695 2606 239,
1719 2563 1797 2606 2⁶0,

314 2622 380 2655 246
405 2626 441 2655 et
465 2621 604 2654 Demar.
631 2620 725 2654 arch.
751 2626 816 2654 rat.
843 2620 902 2653 lin.
929 2623 1003 2654 204.
1163 2619 1207 2664 8θ)
1233 2619 1270 2653 C.
1283 2618 1310 2653 1.
1326 2618 1367 2653 G.
1392 2619 1492 2663 2266,
1517 2617 1578 2653 lin.
1603 2619 1739 2653 28—29
1762 2621 1799 2652 et

315 2677 354 2712 B.
380 2677 439 2712 lin.
465 2679 563 2713 7—9.
701 2677 747 2720 ⁸³)
773 2677 967 2712 Sosisthen.
993 2677 1088 2712 arch.
1115 2682 1180 2712 rat.
1207 2676 1299 2712 ined.
1325 2676 1386 2711 lin.
1417 2678 1603 2712 142—143.

404 2735 448 2779 ⁸⁴)
474 2735 510 2769 C.
525 2734 551 2770 1.
566 2734 607 2769 G.
632 2736 731 2778 2266,
757 2734 816 2769 lin.
842 2737 894 2769 28.
