1957 3293
925 297 1237 339 —192—

326 417 468 465 θίασοι,
499 420 613 457 etiam
643 421 830 459 coenobia
857 421 1127 468 antiquissima
1154 423 1529 468 commemorantur),
1557 422 1720 470 collegia
1736 433 1828 460 vero

325 481 513 520 artificum
545 487 583 521 et
618 489 871 522 mercatorum
909 484 1101 522 simillima
1135 487 1224 521 sunt
1259 484 1332 530 eis,
1369 495 1468 532 quae
1497 483 1628 522 Medio
1661 495 1756 523 aevo
1789 487 1829 522 et

323 546 536 582 recentiore
570 545 685 584 etiam
720 551 890 594 tempore
927 548 1068 584 scimus
1104 546 1222 584 fuisse
1258 548 1296 584 in
1331 546 1507 584 omnibus
1542 546 1724 594 Europae
1751 557 1819 595 op-

325 608 447 656 pidis.
490 609 620 647 eadem
658 611 817 647 'ratione
851 622 966 648 curae
1008 610 1189 648 mandata
1225 610 1356 648 Sancti
1399 609 1599 648 cuiusdam
1641 631 1692 637 —
1733 610 1827 658 quin

324 672 438 709 etiam
474 672 786 709 verisimillimum
824 679 883 710 est
916 674 1135 721 post-eriora
1169 674 1264 711 haec
1300 685 1386 711 cum
1419 673 1495 711 illis
1539 673 1828 721 antiquioribus

323 738 431 771 arcta
469 734 753 772 necessitudine
796 747 880 773 esse
923 737 1129 774 coniuncta
1169 736 1218 774 ab
1261 737 1384 784 iisque
1428 736 1614 784 originem
1656 736 1827 774 duxisse.

326 796 435 834 Hanc
463 808 577 844 quam
607 796 679 835 feci
708 797 994 835 distinctionem
1024 799 1124 836 inter
1150 798 1375 836 sodalitates
1401 802 1439 836 et
1458 798 1621 846 collegia
1639 799 1717 837 iam
1734 798 1824 836 civi-

322 862 443 896 tatum
473 859 577 907 leges
606 859 743 897 secisse
772 859 968 907 videntur,
1003 872 1088 898 cum
1117 860 1225 897 κοινὰ
1254 861 1348 899 haec
1377 861 1478 899 omni
1507 862 1656 900 ratione
1685 865 1725 900 et
1761 860 1827 898 de-

327 920 530 959 fenderent
566 927 701 960 contra
736 928 889 961 exteros
927 928 965 961 et
1002 928 1222 962 tutarentur
1257 924 1359 962 domi
1395 924 1573 966 (Athenis
1600 923 1717 963 Solon
1750 925 1829 962 iam

326 985 372 1021 iis
404 983 543 1022 favisse
571 985 746 1030 dicitur),
782 986 867 1023 illas
898 998 986 1024 vero
1017 987 1075 1024 vel
1108 990 1436 1034 persequerentur
1465 987 1522 1024 vel
1557 987 1630 1024 nisi
1665 987 1829 1025 maxima

322 1057 405 1084 cum
436 1047 654 1094 suspicione
684 1059 758 1084 non
788 1047 1047 1085 admitterent.
1095 1048 1190 1086 Nam
1213 1048 1315 1096 quod
1336 1048 1417 1086 deis
1443 1049 1658 1096 peregrinis
1679 1049 1827 1087 cultum

322 1120 459 1147 novum
496 1110 699 1147 instituere
735 1121 811 1148 non
849 1110 991 1148 licebat
1025 1112 1098 1148 nisi
1133 1112 1276 1159 populo
1310 1115 1468 1150 auctore
1506 1111 1627 1160 (quod
1662 1111 1825 1150 Athenis

322 1171 422 1209 idem
451 1171 567 1210 Solon
602 1176 891 1220 praeceperat),
928 1173 1000 1211 hoc
1034 1174 1072 1210 in
1111 1173 1334 1211 sodalitates
1369 1174 1609 1221 potissimum
1643 1173 1823 1212 cadebat:

321 1246 446 1282 neque
475 1236 654 1283 privatim
692 1237 894 1284 quisquam
930 1236 1210 1284 prohibebatur
1246 1237 1360 1283 deos,
1398 1248 1494 1284 quos
1530 1237 1663 1284 vellet,
1697 1236 1827 1275 colere

321 1311 445 1347 neque
475 1299 699 1337 sodalitates
729 1300 955 1346 plerumque
985 1299 1076 1337 deos
1106 1301 1252 1347 patrios
1287 1299 1589 1347 venerabantur,
1625 1299 1694 1338 sed
1722 1298 1826 1339 fave·

321 1362 415 1400 bant
441 1363 561 1409 magis
588 1361 837 1409 religionibus
858 1366 895 1399 et
917 1362 1107 1410 mysteriis
1130 1362 1394 1405 orientalibus,
1424 1363 1543 1401 multo
1563 1362 1824 1402 vehementius

321 1427 467 1463 animos
504 1424 696 1462 hominum
732 1425 780 1463 ad
818 1422 1105 1473 ἐνθουσεασμὸν
1140 1424 1480 1463 commoventibus.
1542 1425 1673 1473 Longe
1709 1425 1825 1464 aliter

321 1489 494 1536 collegia,
532 1498 811 1537 quae·semper
840 1490 951 1527 deum
981 1491 1147 1538 aliquem
1176 1491 1342 1538 patrium
1372 1489 1445 1527 sibi
1474 1489 1669 1538 eligebant
1695 1493 1826 1538 patro-

321 1563 419 1589 num.
477 1552 559 1590 Hac
588 1554 625 1589 in
654 1565 695 1590 re
725 1552 881 1590 discedo
910 1564 933 1590 a
962 1553 1131 1590 Fucartii
1169 1554 1238 1590 viri
1273 1552 1483 1590 doctissimi
1515 1552 1725 1598 sententia,
1760 1553 1826 1600 qui

321 1615 426 1652 nullo
458 1616 558 1652 inter
586 1615 697 1653 anibo
729 1614 876 1651 θιασῶν
905 1627 1047 1663 genera
1076 1615 1295 1653 discrimine
1325 1614 1426 1653 facto
1455 1614 1656 1653 contendit
1675 1616 1826 1653 univer—

321 1690 383 1715 sos
419 1684 455 1716 et
490 1690 513 1716 a
546 1680 760 1726 peregrinis
796 1691 880 1716 esse
916 1679 1111 1716 institutos
1149 1683 1185 1716 et
1223 1678 1305 1716 deis
1340 1679 1556 1726 peregrinis
1591 1681 1658 1716 aut
1695 1678 1825 1726 potius

321 1741 572 1779 orientalibus
593 1741 908 1785 consecratos.⁶⁰)
957 1741 1066 1788 Quod
1087 1753 1133 1779 ne
1161 1743 1200 1779 in
1230 1741 1456 1780 sodalitates
1485 1740 1639 1789 quidem
1667 1741 1821 1779 omnino

320 1802 486 1850 quadrat
519 1825 568 1830 —
605 1808 715 1840 erant
751 1809 853 1840 certe
890 1802 1041 1840 dicatae
1078 1807 1144 1840 aut
1175 1800 1295 1852 Μητρὶ
1324 1801 1429 1839 θεῶν
1462 1807 1530 1842 aut
1563 1802 1658 1842 deae
1687 1802 1822 1850 Syriae

320 1870 386 1903 aut
429 1865 608 1913 Sarapidi
653 1871 747 1913 etc,
789 1866 966 1904 conditae
1008 1867 1096 1904 item
1142 1866 1366 1914 plerumque
1408 1867 1457 1905 ab
1490 1867 1655 1914 Asiatis,
1699 1865 1820 1914 Syris,

321 1930 538 1976 Aegyptiis,
575 1930 640 1977 qui
670 1930 778 1967 initio
814 1931 926 1966 etiam
964 1928 1206 1967 sacerdotum
1244 1941 1400 1967 munere
1436 1928 1716 1977 fungebantur;
1753 1927 1822 1966 sed

320 1990 668 2038 frequentabantur
702 1993 865 2029 maxime
901 1991 949 2029 ab
986 1992 1203 2030 hominibus
1231 1993 1379 2040 graecis
1407 1993 1523 2031 variis
1551 2003 1572 2030 e
1601 1990 1820 2029 civitatibus

319 2053 513 2100 oriundis,
550 2066 645 2101 quos
680 2055 924 2102 peregrinos,
962 2055 1111 2092 etiamsi
1140 2055 1302 2092 Athenis
1336 2055 1395 2092 vel
1423 2055 1500 2093 alia
1526 2055 1566 2092 in
1593 2054 1749 2092 civitate
1778 2056 1821 2091 ut

321 2117 481 2153 metoeci
525 2116 762 2163 habitarent,
807 2116 1004 2164 appellare
1047 2127 1122 2154 non
1164 2126 1339 2164 possum:
1381 2117 1436 2154 sic
1471 2115 1558 2154 Deli
1593 2126 1746 2163 quoque
1782 2115 1822 2152 in

321 2177 521 2226 Sarapidis
550 2179 692 2226 templo
719 2182 797 2216 tres
827 2179 1039 2216 invenimus
1068 2179 1301 2216 somniorum
1330 2179 1564 2227 interpretes
1593 2175 1822 2227 (ὀνειροκρί-

318 2244 423 2285 τας),
453 2241 603 2278 Delium
635 2252 762 2287 unum,
790 2241 952 2278 alterum
982 2240 1217 2284 Cretensem.
1247 2242 1402 2279 tertium
1430 2238 1820 2287 Nicomedensem‚⁶¹)

316 2304 601 2353 μελανηφύμων
635 2305 730 2342 duos
766 2309 915 2342 tantum
945 2306 1118 2342 novimus
1146 2327 1195 2331 —
1225 2303 1358 2342 Chium
1389 2308 1428 2343 et
1455 2300 1820 2350 Antiochensem,⁸²)

318 2368 545 2414 Aegyptium
582 2374 706 2405 autem
738 2368 924 2405 hominem
961 2368 1122 2412 nullum3
1157 2369 1246 2405 item
1283 2379 1302 2405 e
1331 2367 1453 2405 titulis
1481 2367 1664 2405 discimus
1700 2365 1815 2404 Atar-

318 2429 458 2477 gatidis
489 2429 582 2467 deae
613 2431 745 2477 Syriae
774 2431 917 2467 cultum
946 2441 969 2468 a
998 2430 1104 2477 Syris
1133 2429 1360 2478 quibusdam
1391 2428 1815 2478 Hierapoli-Bambyce

407 2579 454 2616 ⁶⁰)
479 2577 646 2620 Foucart,
672 2577 741 2611 Les
767 2576 1001 2611 associations
1029 2576 1241 2620 religieuses
1267 2576 1354 2611 chez
1378 2576 1431 2611 les
1457 2575 1579 2612 Grecs.
1622 2577 1718 2612 1873.

407 2636 454 2677 ⁶¹)
480 2633 572 2668 Bull.
599 2633 631 2668 d.
658 2634 755 2669 Corr.
784 2633 875 2668 Hell.
904 2634 962 2677 VI,
988 2645 1020 2678 p.
1039 2637 1117 2677 325,
1143 2637 1220 2678 339,
1245 2636 1322 2668 324.
1445 2632 1493 2675 ⁶⁸)
1517 2632 1710 2678 Ctesippus
1736 2632 1817 2668 Cte-

316 2693 410 2736 sippi
436 2692 458 2726 f.
486 2691 612 2726 Chius:
647 2691 684 2726 C.
699 2691 724 2725 1.
740 2691 780 2725 G.
800 2695 888 2726 2294
914 2697 950 2726 et
970 2691 1084 2736 Ἀθήν.
1112 2691 1172 2735 lv,
1198 2702 1230 2735 p.
1250 2693 1334 2734 4603
1367 2689 1591 2735 Theophilus
1623 2689 1817 2735 Theophili

318 2749 338 2783 f.
366 2749 636 2784 Antiochensis:
663 2749 699 2783 C.
715 2749 741 2782 1.
757 2748 797 2782 G.
817 2751 904 2783 2297
927 2764 964 2778 ε
986 2748 1078 2783 Bull.
1105 2747 1136 2782 d.
1163 2748 1260 2782 Corr.
1287 2746 1379 2782 Hell.
1406 2746 1466 2792 VI,
1491 2757 1524 2792 p.
1542 2749 1620 2789 ais.
