1957 3293
898 285 1208 326 -196—

304 416 435 448 censet
463 411 596 448 eodem
623 415 799 457 tempore
829 421 912 447 esse
933 409 1218 457 usurpatas:'¹⁶)
1247 409 1338 446 mihi
1367 407 1438 445 hoc
1458 408 1559 445 inter
1587 417 1652 444 eas
1671 405 1806 444 discri-

305 484 389 510 men
419 472 658 510 intercedere
695 472 864 518 videtur,
903 472 1005 519 quod
1034 472 1224 510 interdum
1259 471 1422 518 collegia
1452 474 1490 508 et
1517 469 1739 507 Italicorum
1768 471 1807 505 et

304 535 380 572 alia
408 546 477 572 suo
507 536 656 572 nomine
685 539 831 572 statuas
851 540 1077 582 posuerunt,
1109 535 1147 572 id
1177 534 1279 582 quod
1310 534 1422 572 etiam
1451 532 1614 580 privatis
1643 531 1682 568 in
1700 534 1807 568 terra

305 609 375 634 sua
403 596 530 634 facere
566 597 725 642 licebat.
763 598 917 644 saepius
957 609 1046 635 vero
1082 597 1250 635 cleruchi
1288 596 1550 642 athenienses,
1585 593 1723 642 quibus
1750 593 1807 630 in·

305 660 390 697 sula
418 660 621 698 incolenda
650 663 732 697 erat
761 659 923 705 tradita,
959 661 1033 707 ipsi
1070 671 1222 707 quoque
1251 660 1332 697 viro
1361 658 1458 696 bene
1485 657 1622 695 merito
1655 659 1806 694 statuae

303 723 485 761 honorem
506 722 657 770 publice
678 722 930 759 decreverunt
950 734 1026 760 una
1055 733 1139 759 cum
1159 721 1344 768 collegiis,
1373 731 1472 768 quae
1491 718 1604 757 modo
1633 717 1806 766 appella-

306 786 439 822 vimus.

407 848 566 885 Maximi
596 849 647 885 sit
675 848 855 885 momenti
891 858 1142 895 cognoscere,
1177 858 1253 894 qua
1281 847 1429 884 ratione
1457 844 1652 893 peregrini
1687 846 1726 882 et
1752 843 1808 881 in-

305 911 440 958 quilini
476 922 553 948 una
587 921 670 947 cum
708 909 854 947 civibus
895 909 1084 947 cleruchis
1119 910 1282 947 consilia
1315 920 1454 956 capere
1489 907 1703 955 potuerint3
1740 905 1807 944 sed

304 974 402 1011 hanc
431 974 694 1020 quaestionem
731 973 834 1009 nullo
864 972 975 1009 modo
1013 972 1061 1010 ad
1091 976 1238 1010 certum
1266 971 1478 1019 perducere
1507 970 1609 1007 licet.
1665 968 1808 1006 Verisi-

303 1036 500 1073 millimum
543 1040 670 1072 tamen
711 1034 862 1071 videtur
903 1039 1058 1081 praeter
1100 1035 1237 1072 civium
1274 1031 1500 1082 ἐκκλησίαν,
1542 1034 1582 1069 in
1618 1043 1696 1080 qua
1732 1043 1806 1069 me·

303 1101 423 1136 toecis
459 1110 534 1135 non
569 1098 704 1135 liceret
740 1097 970 1134 sententiam
1005 1096 1126 1143 ferre,
1165 1095 1281 1134 fuisse
1318 1096 1608 1144 peregrinorum
1643 1105 1807 1132 conven-

304 1167 400 1208 tum,
437 1162 502 1198 ubi
532 1165 570 1198 et
598 1160 644 1198 de
687 1161 766 1197 suis
794 1161 962 1207 propriis
996 1159 1204 1198 commodis
1242 1160 1507 1198 consultarent
1542 1162 1581 1196 et
1608 1157 1655 1196 de
1690 1158 1806 1195 certis

305 1225 532 1272 quibusdam
569 1224 683 1260 rebus
711 1223 875 1270 publicis
904 1223 953 1260 ad
987 1223 1091 1270 ipsos
1127 1222 1399 1268 attinentibus,
1436 1220 1539 1269 quod
1575 1220 1806 1265 sentiebant,

305 1287 432 1325 dicere
477 1290 651 1334 possent:
699 1285 745 1322 de
789 1285 998 1323 honoribus
1033 1285 1186 1332 quidem
1223 1283 1475 1322 decernendis
1507 1286 1676 1328 constat;
1717 1293 1808 1320 num

305 1350 352 1387 de
382 1350 466 1387 aliis
488 1350 602 1386 etiam
623 1349 751 1394 rebus,
780 1348 893 1395 plane
923 1349 1132 1395 ignoratur.
1180 1347 1396 1394 Utcumque
1425 1358 1488 1384 res
1508 1357 1549 1384 se
1577 1345 1706 1392 habet,
1735 1345 1808 1383 hoc

304 1417 450 1450 certum
489 1417 547 1449 est
575 1413 688 1457 longe
725 1411 838 1448 aliam
869 1409 986 1447 fuisse
1016 1410 1238 1448 Italicorum
1265 1409 1354 1447 Deli
1390 1408 1654 1447 condicionem
1695 1419 1808 1456 quam

304 1480 561 1513 metoecorum
592 1475 677 1512 aliis
698 1475 805 1518 locis,
835 1485 957 1520 neque
987 1474 1123 1510 mirum
1146 1477 1216 1518 est,
1245 1473 1276 1510 si
1306 1476 1528 1520 reputamus
1558 1471 1708 1519 equites
1737 1471 1806 1509 hos

305 1550 482 1576 romanos
504 1542 619 1584 atque
650 1538 763 1574 etiam
785 1548 914 1573 eorum
937 1536 1097 1573 libertos
1127 1539 1363 1573 sustentatos
1384 1546 1467 1572 esse
1498 1535 1623 1582 magni
1643 1534 1807 1572 nominis

305 1601 465 1639 Romani
496 1603 724 1638 auctoritate
753 1600 982 1646 imperiique
1012 1599 1129 1636 totius
1156 1599 1340 1645 potentia.
1389 1599 1446 1635 Ac
1466 1598 1527 1634 vix
1557 1607 1689 1635 errare
1717 1598 1809 1635 mihi

305 1665 448 1711 videor,
479 1666 510 1701 si
539 1664 624 1702 dico
655 1668 887 1701 mercatores
916 1663 1066 1700 italicos
1095 1663 1181 1709 plus
1209 1662 1296 1699 Deli
1325 1661 1490 1699 valuisse
1519 1661 1724 1709 veriusque
1752 1661 1809 1698 in-

306 1728 411 1765 sulae
441 1728 615 1764 dominos
644 1727 834 1774 appellari
863 1726 1034 1773 potuisse
1064 1736 1177 1772 quam
1208 1723 1408 1762 cleruchos
1429 1723 1721 1761 Atheniensium
1751 1723 1810 1761 vel

306 1791 426 1837 ipsam
463 1790 702 1827 Athenarum
745 1790 958 1834 civitatem,
1000 1787 1103 1835 quod
1135 1787 1231 1825 alias
1275 1787 1388 1824 etiam
1425 1786 1600 1824 nationes
1642 1786 1809 1824 sensisse

306 1857 499 1890 testantur
538 1857 575 1890 et
603 1864 693 1890 arae
723 1852 867 1890 Romae
903 1852 998 1889 deae
1036 1854 1255 1888 exstructae
1292 1854 1351 1894 (ut
1378 1860 1402 1888 a
1429 1849 1709 1888 Posidoniastis
1735 1849 1810 1888 Be-

305 1915 488 1964 rytiis)⁷⁷)
519 1920 557 1952 et
591 1915 852 1952 dedicationes
882 1914 1035 1961 saepius
1075 1912 1325 1959 »1ta1icis«⁷⁸)
1362 1911 1497 1950 factae.
1553 1912 1681 1960 Atque
1719 1912 1808 1950 illu-

307 1986 452 2018 stratur
481 1980 552 2017 hoc
572 1980 685 2016 etiam
715 1979 816 2016 bello
838 1977 1120 2015 Mithridatico:
1151 1988 1236 2014 cum
1257 1977 1355 2014 enim
1375 1975 1552 2013 Athenae
1581 1975 1688 2023 ipsae
1706 1965 1810 2023 regis

307 2044 455 2082 Pontici
486 2047 616 2090 partes
645 2046 773 2080 essent
801 2046 974 2086 secutae,
1005 2041 1124 2079 Delus
1153 2040 1280 2078 insula
1307 2041 1346 2077 in
1374 2038 1449 2077 fide
1484 2038 1616 2086 populi
1645 2037 1809 2076 Romani

307 2107 529 2154 permansit.
595 2106 669 2142 Sed
706 2109 910 2152 antequam
949 2104 1081 2141 harum
1119 2115 1248 2141 rerum
1290 2102 1550 2140 narrationem
1584 2111 1809 2149 persequar,

308 2171 488 2217 optimum
519 2169 610 2205 mihi
641 2168 791 2204 videtur
820 2167 987 2204 breviter
1016 2178 1227 2213 exponere,
1263 2166 1439 2202 instituta
1474 2164 1622 2202 insulae
1651 2163 1811 2211 propria

309 2243 406 2279 quae
436 2229 579 2267 fuerint
606 2233 779 2276 tempore
814 2228 986 2266 florentis
1016 2227 1232 2265 cleruchiae
1269 2231 1358 2265 ante
1389 2227 1471 2264 eius
1506 2225 1809 2264 devastationem

309 2294 373 2339 (ab
409 2305 442 2331 a.
478 2298 654 2331 165—88
683 2304 716 2330 a.
747 2291 835 2328 Chr.
866 2296 938 2336 n.),
983 2291 1211 2338 praesertim
1247 2300 1331 2327 cum
1367 2300 1443 2326 non
1485 2288 1580 2326 satis
1616 2288 1809 2336 cognitum

309 2358 369 2403 sit,
399 2367 486 2394 num
517 2356 630 2393 ctiam
658 2358 794 2402 postea
823 2354 955 2391 eadem
983 2353 1279 2400 permanserint.

400 2511 446 2552 76)
472 2509 541 2544 Cfr.
570 2508 662 2542 Bull.
688 2507 720 2541 d.
747 2507 845 2541 Corr.
873 2505 964 2539 Hell.
992 2505 1055 2549 111,
1082 2516 1113 2549 p.
1132 2506 1195 2541 371
1223 2508 1260 2539 et
1284 2502 1369 2538 ibid.
1396 2503 1436 2547 V,
1463 2513 1496 2547 p.
1514 2504 1591 2537 464.

401 2568 448 2608 Π)
472 2565 553 2600 Bull
583 2565 614 2598 (1.
634 2565 730 2598 sorr.
752 2563 842 2597 Hell.
860 2563 937 2606 Vll,
964 2573 995 2606 p.
1015 2564 1096 2597 467:
1121 2559 1252 2605 Ῥώμην
1271 2560 1360 2593 θεὰν
1379 2557 1595 2603 Ε”ισργέτινς
1620 2558 1683 2594 cfr.
1702 2558 1811 2594 etiam

310 2623 394 2658 ibid.
422 2635 454 2668 p.
473 2624 549 2658 471.
671 2622 718 2662 ⁷⁸)
745 2619 963 2654 »Italiceisut
992 2618 1083 2652 Bull.
1109 2617 1142 2652 d.
1169 2618 1266 2651 Corr.
1292 2615 1385 2651 Hell.
1410 2614 1508 2659 VIII,
1533 2625 1567 2659 p.
1588 2618 1668 2659 1453
1693 2612 1810 2649 Ἰταλι·

311 2684 400 2719 κυῖςτ
439 2680 523 2714 ibid.
551 2679 618 2721 Xl,
645 2690 677 2722 1).
702 2680 785 2719 2683
821 2676 1094 2719 ἀφιερώσαντες
1118 2673 1284 2715 Ἡρακλεῖ
1312 2674 1371 2706 καὶ
1400 2671 1597 2710 Ἰταλικοῖςε
1634 2671 1720 2707 ibid.
1745 2671 1808 2716 IV,

310 2749 343 2783 p.
366 2741 444 2780 1903
478 2736 664 2770 Ἀπόλλωνι
689 2735 746 2767 καὶ
766 2732 960 2771 Ἰταλιιυῖςε
995 2731 1079 2767 ibid.
1099 2731 1195 2775 VIII,
1222 2741 1254 2775 p.
1278 2732 1348 2765 128.
