1957 3293
884 269 1194 310 —128—

290 391 444 439 fiebant,
473 396 627 440 praeter
652 392 888 430 sollemnium
917 392 1228 441 celebrationem,
1257 402 1370 440 quam
1390 392 1439 432 ad
1468 392 1671 432 archontes
1698 403 1786 441 per·

290 456 451 492 tinuisse
471 455 751 502 perspeximus,
779 455 898 492 multa
917 455 994 492 alia
1013 456 1166 502 negotia
1185 455 1333 493 minora
1351 454 1469 494 fuisse
1489 458 1786 494 consentaneum

291 521 349 555 est
385 518 422 554 in
450 517 591 565 templo
619 519 848 565 praesertim
884 522 961 555 tam
991 522 1099 556 vasto
1128 518 1427 566 splendidoque,
1463 529 1562 566 quae
1590 517 1790 556 obirentur

290 591 313 618 a
340 580 630 628 magistratibus
650 581 808 618 minoris
837 584 875 618 et
894 581 1033 618 aetatis
1055 585 1093 619 et
1112 580 1309 629 dignitatis
1337 603 1386 608 —
1414 591 1490 618 non
1510 581 1638 619 omnia
1657 591 1788 618 omnes

290 641 440 680 decent.
484 642 656 689 Accedit,
685 642 787 690 quod
816 641 1030 680 aedificium
1061 654 1181 690 prope
1210 643 1392 690 templum
1421 643 1496 681 iam
1523 647 1695 690 tempore
1723 641 1789 680 do-

290 705 508 743 minationis
537 706 678 743 attieae
707 705 885 743 exstabat
913 702 1135 742 ἐπιστάσευν
1163 705 1462 753 appellatum‚⁷⁵)
1497 705 1564 743 ubi
1592 704 1788 743 habitasse

291 779 368 814 eos,
398 767 487 805 dum
507 779 664 806 munere
685 779 754 805 suo
776 767 1044 815 fungebantur,
1065 769 1149 816 ipso
1169 770 1319 806 nomine
1340 768 1639 807 demonstratur.
1683 767 1790 806 Haec

290 834 390 877 sunt,
420 841 517 878 quae
547 834 746 878 comperta
773 830 896 868 habeo
926 830 972 868 de
993 828 1208 867 ἐπιστατῶν
1236 842 1406 878 munere,
1434 831 1506 868 nisi
1527 829 1631 878 quod
1661 829 1789 868 multis

291 893 489 931 titulorum
519 893 612 931 locis
640 893 797 941 probari
824 893 1040 932 addendum
1070 897 1128 931 est
1156 892 1274 932 fuisse
1303 893 1341 931 id
1369 892 1601 940 annuum.⁷⁸)

381 1047 427 1085 ⁷⁵)
455 1045 532 1080 C.I.
549 1046 592 1079 A.
619 1044 664 1089 ΙΙ,
689 1045 794 1088 8141),
820 1044 880 1078 lin.
905 1047 959 1080 30.

378 1103 425 1144 ⁷⁶)
449 1102 517 1136 Hic
543 1101 697 1136 adiciam
726 1101 960 1145 epistatarum
992 1103 1045 1147 (ut
1069 1112 1179 1146 supra
1200 1101 1507 1147 trittyarchorum)
1532 1100 1746 1147 catalogum,
1771 1112 1790 1137 e

287 1159 486 1194 rationibus
511 1159 665 1193 Demare
691 1157 862 1192 archonte
889 1158 1032 1202 scriptis
1059 1158 1211 1202 aliisque
1237 1158 1422 1193 titulorum
1446 1158 1672 1204 fragmentis,
1698 1168 1790 1202 quae

289 1216 334 1252 ab
360 1216 537 1250 Homollio
564 1215 599 1249 in
625 1214 716 1249 libro
745 1214 960 1249 »Archives«
989 1220 1054 1250 etc.
1080 1215 1189 1250 variis
1214 1215 1301 1251 locis
1326 1215 1542 1261 afferuntur,
1571 1221 1791 1269 excerptum,

289 1284 368 1308 cum
395 1273 520 1308 horum
547 1273 654 1307 etiam
679 1271 821 1306 nomina
852 1272 904 1305 vir
930 1271 990 1307 ille
1015 1271 1243 1308 doctissimus
1268 1273 1305 1307 in
1330 1272 1441 1309 fastos
1466 1282 1550 1308 suos
1575 1283 1646 1308 non
1673 1273 1792 1308 omnia

289 1331 410 1365 nescio
437 1340 509 1374 qua
533 1329 576 1364 de
602 1338 713 1364 causa
738 1329 931 1373 receperit:

470 1399 722 1434 Archontes
1208 1399 1448 1444 Epistatae

379 1461 548 1496 Dexicles
573 1471 604 1496 a.
630 1464 713 1497 232:
903 1461 1032 1496 Cineas
1057 1461 1215 1505 (Demar.
1241 1462 1310 1497 inv.
1337 1463 1358 1497 1.
1389 1465 1478 1506 112).

905 1518 1084 1553 Aristides
1109 1518 1285 1554 Mnesalci
1307 1519 1330 1554 f.

384 1574 552 1619 Scylacus
579 1585 610 1610 a.
637 1577 719 1610 230:
906 1575 1031 1610 Semus
1058 1575 1257 1610 Cosmiadis
1281 1575 1304 1610 f.

904 1631 1021 1666 Bulon
1047 1632 1231 1677 Tynnonis
1257 1632 1280 1666 f.
1308 1631 1510 1674 (Homolio).

379 1688 623 1732 Amphoterus
649 1698 679 1722 a.
706 1691 792 1724 228:
908 1688 1118 1723 Heraclides
1136 1688 1347 1724 Echecratis
1365 1687 1387 1723 f.
1415 1688 1570 1734 (Demar.
1587 1688 1656 1723 inv.
1681 1689 1703 1723 1.
1721 1689 1790 1734 51).

379 1744 605 1789 Polystratus
632 1755 664 1779 a.
690 1748 774 1779 224:
908 1745 1128 1780 Telesander
1152 1745 1251 1789 (ibid.
1277 1745 1299 1779 l.
1325 1747 1393 1787 48).

377 1801 582 1836 Milichides
609 1811 639 1835 a.
666 1804 747 1836 221:
907 1802 1080 1837 Stesileus
1107 1802 1302 1843 (Sosistrat.
1327 1802 1396 1837 inv.
1422 1802 1514 1838 ined.
1539 1802 1562 1838 l.
1590 1803 1654 1848 14).

378 1858 542 1893 Charilas
568 1868 598 1892 a.
629 1861 712 1894 220:
905 1858 1123 1894 Helicander
1147 1858 1303 1903 (Demar.
1330 1859 1398 1894 inv.
1425 1860 1447 1894 1.
1472 1861 1540 1905 47).

380 1915 517 1949 Soteles
543 1925 574 1949 a.
600 1918 684 1951 219:
906 1916 1056 1960 Satyrus
1081 1915 1268 1961 Pyrrhidis
1293 1917 1316 1952 f.
1341 1916 1543 1960 (Homolle).

381 1973 622 2017 Apollodorus
647 1983 677 2008 a.
703 1977 787 2010 217:
904 1973 1032 2009 Phillis
1059 1974 1255 2019 (Sosistrat.
1281 1974 1350 2009 inv,
1375 1974 1397 2008 l.
1429 1977 1468 2009 14
1481 1977 1583 2018 sqq.).

378 2029 598 2065 'l‘lesimenes
625 2041 655 2065 a.
682 2033 768 2066 216:
904 2032 1083 2066 Demoson
1110 2032 1206 2077 (ibid.
1234 2032 1294 2068 lin.
1323 2033 1386 2078 15).

379 2086 584 2122 Pantaenus
602 2098 632 2122 a.
652 2091 788 2123 215—9
805 2088 839 2123 P:
905 2088 1082 2132 Ocynides
1109 2088 1264 2134 (Demar.
1290 2089 1359 2123 inv.
1385 2089 1408 2124 1.
1433 2089 1501 2135 42).

379 2142 502 2177 Sotion
529 2154 559 2178 a.
587 2147 668 2179 208:
904 2145 1133 2189 Tlepolemus
1158 2145 1356 2189 (Sosistrat.
1382 2145 1451 2180 inv.
1476 2145 1499 2180 l.
1531 2148 1569 2180 14
1582 2147 1684 2190 sqq.)

900 2201 1153 2246 Amphithales
1197 2201 1398 2248 Philonymi
1441 2201 1463 2236 f.
1509 2201 1673 2244 (Demar.
1718 2201 1788 2238 inv.

457 2285 464 2292 .
970 2258 991 2293 l.
1023 2261 1200 2293 158—159
1219 2286 1226 2293 .

374 2285 508 2320 ⁰⁸¹¹¹²²⁸
534 2295 564 2320 ⁸⁵·
592 2289 659 2321 2⁰⁰
676 2287 694 2321 p
711 2287 728 2321 ‘¹'
850 2204 873 2403 ξ
898 2314 1104 2350 Milichides
1131 2261 1227 2359 (ibai.
1254 2315 1275 2350 1.
1301 2318 1370 2359 20).

901 2372 1054 2406 Ostacus
1080 2372 1277 2415 (Sosistrat.
1304 2372 1373 2407 inv.
1399 2372 1420 2407 l.
1451 2375 1490 2407 14
1504 2373 1605 2418 sqq.)

377 2428 513 2461 Amnus
540 2437 570 2461 a.
597 2430 680 2462 204:
902 2428 1105 2473 Polyxenus
1131 2429 1326 2473 (Sosistrat.
1353 2429 1422 2464 inv.
1448 2429 1470 2464 l.
1501 2432 1539 2465 14
1553 2431 1655 2474 sqq.).

377 2511 406 2524 ,,
559 2525 563 2530 ¹
709 2519 716 2530 ⁸
756 2518 762 2527 ,
901 2485 1168 2530 Echecratides,
1195 2486 1319 2521 Arist.
1339 2514 1345 2521 .
1365 2513 1372 2520 .
1393 2514 1400 2521 .
1418 2496 1466 2521 os.

383 2512 624 2547 lelemn⁰⁸t¹¹³
651 2522 681 2547 δ’
709 2516 792 2548 2⁰3³
856 2484 873 2578 l
898 2541 1131 2586 Leophantus
1149 2543 1256 2583 (Bull.
1275 2542 1308 2578 d.
1325 2543 1422 2578 Corr.
1440 2542 1522 2578 Hell
1551 2542 1676 2587 v11,p.
1696 2544 1783 2587 116).

375 2597 582 2632 Heraclitus
608 2608 638 2632 a.
671 2601 747 2634 199:
900 2598 1076 2634 Diodotus
1102 2599 1258 2645 (Demar.
1284 2599 1352 2635 inv.
1379 2601 1402 2635 1.
1426 2602 1496 2643 64).

854 2655 872 2750 ἐ
899 2655 1170 2691 Hebdomiscus.

376 2683 556 2717 Chaereas
582 2692 613 2716 a.
645 2685 723 2717 195:
898 2713 1097 2757 Apaturius
1123 2713 1324 2759 (amnone),
