1957 3293
860 244 1165 286 -104-

271 369 506 407 Graecorum
536 369 670 407 insulis
699 369 959 408 custodiendis
987 370 1293 419 praepositi-⁶⁹),
1325 375 1365 410 et
1391 371 1587 412 Pisistrati
1615 372 1766 412 Aristo-

275 433 373 470 lochi
404 432 426 470 s.
457 432 597 470 Rhodii
626 431 877 483 danway&
914 433 1015 481 quod
1051 433 1192 471 dicitur
1227 445 1310 472 cum
1345 435 1530 474 militibus
1568 436 1647 474 suis
1675 447 1766 475 con-

277 506 448 533 secrasse
478 508 523 533 ex
553 496 696 544 praeda
726 497 772 534 de
802 497 975 535 hostibus
1009 496 1193 545 captam)
1249 498 1304 536 De
1332 499 1622 548 insequentibus
1655 501 1766 540 annis

271 558 364 595 nihil
393 557 469 595 dici
498 563 637 606 potest,
666 570 749 596 cum
778 561 964 597 incertum
993 561 1053 607 sit,
1083 559 1246 600 fueritne
1274 560 1393 600 Delus
1422 561 1548 601 denuo
1576 563 1615 601 in
1647 563 1766 602 socie-

271 625 386 659 tatem
416 622 677 660 insulanorum
706 628 863 670 recepta
891 633 1022 669 necne,
1059 634 1287 672 quamquam
1318 624 1388 663 hoc
1416 625 1597 664 maiorem
1625 625 1766 674 proba-

271 684 434 722 bilitatis
462 686 626 733 speciem
656 685 783 731 habet,
813 685 1078 725 deficientibus
1101 699 1259 735 prorsus
1287 700 1408 737 usque
1428 689 1477 728 ad
1498 689 1674 728 Demaris
1702 701 1763 728 ar-

273 747 421 785 chontis
442 759 581 785 annum
602 749 858 796 legationibus
878 749 952 787 illis
973 750 1106 797 sacris,
1129 761 1224 798 quas
1245 750 1437 798 quondam
1457 763 1604 791 summa
1621 753 1766 801 magni-

272 810 425 848 ficentia
452 811 660 849 instructas
681 811 822 849 Rhodii
851 813 1057 860 quotannis
1083 814 1235 851 mittere
1264 813 1440 852 solebant
1465 815 1504 853 in
1532 826 1683 854 sacram
1710 815 1767 853 in-

274 873 406 910 sulam.
470 873 551 911 Iam
586 875 767 921 ingruunt
801 878 976 922 tempora
1009 874 1133 913 Deliis
1168 874 1338 914 funesta:
1379 877 1510 915 miseri
1551 878 1648 916 enim
1690 889 1767 917 non

271 936 538 982 intellegentes
559 935 736 984 Philippo
765 948 853 984 rege
878 936 1027 975 devicto
1057 937 1149 974 nihil
1179 937 1250 975 sibi
1280 949 1363 977 esse
1392 939 1593 988 reliquum,
1623 940 1697 978 nisi
1724 943 1769 979 ut

274 999 405 1047 populi
430 999 591 1036 Romani
621 1000 851 1037 inservirent
876 1001 1083 1047 potentiae,
1114 1011 1276 1048 quocum
1304 999 1458 1040 foedere
1487 1002 1546 1040 vel
1574 1002 1647 1042 hoc
1673 1006 1767 1041 tem-

274 1074 367 1109 pore
396 1062 454 1099 vel
483 1073 557 1100 non
588 1062 705 1100 multo
734 1065 821 1109 post
848 1063 923 1100 icto
957 1063 1148 1101 coniuncti
1178 1067 1299 1110 erant,
1329 1064 1377 1103 ad
1405 1065 1767 1113 periculosissimam

273 1123 555 1162 descenderunt
587 1125 643 1162 rei
678 1124 869 1172 gerendae
903 1125 1113 1170 rationem,
1147 1127 1227 1164 sive
1260 1137 1397 1175 magno
1433 1127 1620 1167 Graeciae
1653 1128 1768 1166 liber·

274 1188 364 1226 tatis
394 1188 544 1225 nomine
574 1189 683 1236 quasi
713 1188 907 1226 occaecati
931 1188 1074 1226 ultimis
1095 1189 1260 1227 civitatis
1280 1190 1518 1238 temporibus
1546 1191 1638 1239 sive,
1667 1191 1769 1240 quod

274 1251 518 1288 verisimilius
548 1254 604 1288 est
634 1251 672 1288 in
692 1250 920 1298 hominibus,
950 1252 1014 1299 qui
1036 1262 1188 1300 semper
1215 1251 1278 1290 dei
1296 1253 1459 1301 parasiti
1478 1252 1642 1302 fuerant,
1671 1265 1770 1293 vana

364 1381 410 1425 ⁵2)
437 1380 600 1415 Homolle
627 1379 811 1425 »Rapport
837 1391 897 1416 sur
922 1391 991 1416 une
1016 1381 1183 1417 mission«
1211 1386 1277 1418 etc.
1304 1393 1337 1428 p.
1363 1385 1417 1418 34.

364 1439 410 1481 ⁵3)
434 1438 526 1473 Bull.
553 1438 584 1472 d.
611 1437 708 1473 Corr.
735 1438 825 1473 Hell.
852 1438 915 1483 ΙΙΙ,
941 1440 1017 1474 471.

364 1500 411 1541 ⁵⁴)
436 1499 515 1533 Huc
541 1509 618 1533 esse
644 1498 831 1533 referenda
856 1498 945 1533 haec
971 1498 1127 1544 decreta,
1152 1510 1221 1534 non
1247 1499 1292 1535 ad
1315 1499 1447 1536 bellum
1472 1509 1495 1535 a
1513 1499 1683 1535 Romanis
1708 1499 1771 1534 ad-

271 1558 476 1592 iuvantibus
501 1557 652 1592 Rhodiis
676 1568 756 1592 cum
782 1557 959 1592 Antiocho
985 1562 1122 1601 gestum
1148 1558 1257 1593 statui
1281 1558 1338 1593 his
1363 1557 1526 1603 inprimis
1551 1557 1772 1602 argumentis

271 1615 368 1650 fisus.
417 1615 556 1650 Bellum
586 1615 711 1649 navale
743 1621 867 1650 contra
898 1625 1018 1659 regem
1053 1615 1179 1660 Syrum
1217 1615 1262 1650 ad
1293 1615 1403 1651 Asiae
1434 1614 1658 1660 potissimum
1690 1624 1771 1650 oras

273 1678 410 1717 gestum
437 1683 514 1707 esse
541 1673 682 1715 scimus,
708 1683 823 1716 neque
849 1683 959 1707 causa
983 1673 1139 1718 perspici
1164 1678 1292 1718 potest,
1323 1683 1387 1709 cur
1410 1677 1484 1708 tres
1508 1671 1682 1708 nauarchi
1707 1682 1772 1716 per

272 1729 418 1764 totidem
445 1729 611 1764 videlicet
636 1740 747 1764 annos
774 1730 845 1765 sint
869 1730 904 1764 in
931 1730 1104 1775 Cycladas
1129 1731 1264 1766 insulas
1289 1730 1405 1775 missi3
1431 1730 1524 1766 bello
1548 1734 1668 1766 autem
1692 1728 1771 1764 Ma-

272 1786 440 1821 cedonico
467 1787 647 1829 cognitum
679 1787 851 1822 habemus
885 1787 1029 1831 saepius
1060 1787 1236 1822 sociorum
1268 1787 1402 1823 classes
1432 1787 1470 1822 in
1499 1787 1556 1822 his
1581 1787 1669 1823 locis
1694 1797 1771 1822 ver·

273 1849 369 1879 satas
395 1854 487 1878 esse:
522 1849 561 1878 ut
585 1854 642 1878 res
668 1844 873 1879 notissimas
899 1845 1062 1889 afferam,
1094 1844 1256 1880 Athenas
1287 1844 1384 1879 venit
1407 1844 1552 1880 Attalus
1582 1854 1646 1880 rex
1678 1854 1771 1879 anno

271 1903 338 1935 200
369 1906 404 1935 et
430 1901 590 1944 Aeginae
621 1900 809 1945 hiemavit,
841 1901 1044 1946 ibidemque
1076 1901 1159 1937 Eris
1190 1901 1395 1937 nauarchus
1419 1901 1615 1947 Byzantius
1647 1900 1771 1937 eodem

272 1958 346 1992 fere
373 1962 531 2002 tempore
558 1963 611 1992 est
644 1963 881 1993 commoratus
914 1970 994 1993 cum
1020 1959 1134 1994 classe
1159 1959 1369 2004 magnisque
1401 1958 1596 1994 honoribus
1621 1957 1771 1994 affectus

272 2015 317 2050 ab
343 2015 617 2049 Atheniensium
642 2015 773 2060 populo
801 2016 852 2058 (C.
867 2016 893 2050 Ι.
908 2016 951 2050 A.
977 2016 1132 2060 11‚414).

363 2072 462 2106 Nihil
495 2071 622 2106 deinde
654 2072 825 2107 traditum
858 2073 1030 2108 habemus
1064 2073 1107 2108 de
1145 2073 1265 2109 atticis
1305 2073 1455 2109 navibus
1487 2077 1613 2109 contra
1643 2073 1770 2109 Antio-

272 2130 376 2166 chum
409 2129 543 2173 missis,
580 2129 672 2164 bello
706 2140 787 2164 vero
824 2141 903 2164 cum
938 2130 1105 2175 Philippo
1139 2130 1294 2175 gerendo
1325 2130 1479 2166 maximo
1511 2129 1629 2166 studio
1662 2129 1771 2166 inte'r·

272 2188 381 2221 fuisse
409 2187 647 2221 Athenienses
673 2187 814 2222 scimus.
854 2188 1017 2232 Denique
1043 2199 1107 2233 per
1131 2193 1244 2223 totum
1268 2188 1353 2224 belli
1373 2187 1526 2223 Asiatici
1550 2192 1691 2233 tempus
1715 2198 1770 2223 so-

273 2244 405 2279 ciorum
432 2244 537 2278 classi
563 2255 632 2278 non
658 2244 789 2279 Rhodii
815 2245 988 2280 nauarchi
1022 2245 1075 2280 vel
1101 2245 1281 2280 nesiarchi
1306 2245 1555 2290 praefuerunt,
1580 2244 1644 2280 sed
1667 2255 1770 2290 prae-

273 2307 367 2336 tores
386 2301 546 2344 Romani,
573 2302 632 2345 qui
655 2302 820 2336 nimirum
838 2302 906 2346 ipsi
933 2301 1050 2337 edicta
1075 2313 1139 2337 sua
1164 2307 1437 2347 proposuerunt,
1462 2312 1533 2338 non
1548 2302 1771 2339 Rhodiorum

274 2364 467 2403 praecepta
492 2359 605 2393 secuti
631 2365 722 2393 sunt.
761 2358 860 2393 Nihil
885 2359 996 2403 video,
1023 2359 1117 2403 quod
1135 2360 1294 2404 opinioni
1311 2370 1410 2395 meae
1429 2359 1556 2405 obstet,
1581 2360 1651 2396 nisi
1675 2360 1771 2405 quod

274 2416 366 2451 idem
392 2416 622 2459 magistratus
650 2417 683 2451 in
710 2427 779 2451 uno
804 2417 947 2452 decreto
972 2417 1182 2453 nesiarchus
1206 2418 1420 2464 appellatur,
1446 2418 1483 2454 in
1507 2418 1621 2454 altero
1645 2416 1769 2466 ἄρχων

274 2477 344 2508 τῶν
373 2474 501 2519 νήσων,
527 2478 566 2507 ut
590 2473 735 2509 credere
762 2475 876 2519 possis
910 2475 1047 2519 aliquot
1077 2485 1188 2510 annos
1214 2476 1459 2512 intercessisse
1490 2475 1584 2512 inter
1614 2475 1710 2512 hunc
1734 2481 1771 2512 et

273 2530 371 2564 illurn
397 2530 539 2564 titulum
565 2530 674 2575 lapidi
703 2531 869 2575 incisum3
895 2531 957 2566 sed
982 2532 1067 2566 mihi
1087 2532 1226 2567 videtur
1243 2533 1334 2568 alter
1350 2532 1508 2577 legitimo
1532 2533 1690 2569 muneris
1713 2533 1770 2569 sui

273 2588 414 2622 nomine
448 2587 622 2632 appellari
660 2609 692 2614 -
732 2589 959 2633 nesimehus,
1003 2590 1094 2624 alter
1126 2589 1236 2625 libere
1269 2600 1290 2624 a
1321 2589 1439 2625 scriba
1470 2590 1613 2626 invento
1644 2601 1663 2625 e
1695 2601 1769 2626 ser-

274 2645 387 2679 monis
413 2645 605 2689 commodo‚
632 2650 671 2680 ut
696 2648 766 2679 τῶν
794 2646 921 2680 πλοίων
948 2646 1056 2681 verba
1080 2646 1206 2682 melius
1231 2646 1377 2692 adiungi
1402 2651 1548 2693 possent
1571 2647 1618 2683 ad
1643 2645 1768 2695 ἅρχων

275 2712 415 2737 vocem:
444 2700 567 2748 ἅρχων
595 2702 712 2748 νήσων
739 2704 796 2736 mi
821 2703 950 2738 πλοίων
978 2705 1053 2737 τῶν
1081 2706 1313 2750 νησιωτικῶν.
