1979 3326
721 298 1005 338 -35-

108 424 283 473 publicas
312 435 411 462 nova
438 423 522 471 lege
551 422 750 461 ordinasse
778 422 852 459 hoc
876 425 1063 469 tempore,
1092 421 1300 458 verisimile
1322 431 1407 458 esse
1427 431 1504 458 non
1523 430 1620 467 nego

111 487 185 525 hoc
213 486 311 525 idem
342 487 380 523 in
409 486 600 533 Apollinis
630 485 731 523 Delii
760 497 801 523 re
831 484 1011 522 familiari
1040 483 1183 521 factum
1213 483 1347 521 eodem
1376 486 1562 530 tempore.

213 549 355 587 Paucis
395 552 485 596 post
526 549 636 585 annis
678 549 779 585 inter
813 548 918 595 ipsos
955 547 1045 584 belli
1080 546 1402 594 Peloponnesiaci
1437 546 1622 583 tumultus

112 611 416 650 Atheniensibus
457 612 578 649 visum
622 614 680 649 est
720 614 838 648 totam
883 610 1122 648 sollemnium
1166 608 1399 647 deliacorum
1434 609 1624 646 rationem

111 679 260 713 mutare
288 675 475 712 institutis
503 674 605 712 ludis
635 673 998 722 quinquennalibus,
1030 673 1095 720 qui
1130 672 1178 710 ab
1207 673 1315 719 ipsis,
1345 683 1422 709 non
1450 683 1473 709 a
1502 671 1623 708 Deliis

111 738 413 777 celebrarentur.
470 738 555 785 Qua
583 737 629 776 de
658 750 699 775 re
729 741 856 775 exstat
884 737 1143 775 testimonium
1173 733 1411 782 Thucydidis
1444 734 1625 781 gravissi-

109 813 211 839 mum
239 805 356 849 atque
385 802 558 848 unicum,
597 802 661 848 qui
695 801 791 839 haec
827 799 907 838 fere
942 800 1149 838 memoriae
1178 796 1426 846 prodidit:22)
1465 796 1622 835 »eadem

111 864 234 902 hieme
264 863 340 909 (Ol.
362 868 423 910 88,
454 869 474 901 3
505 882 548 896 =
578 864 734 907 426l25)
765 863 903 900 Delum
931 863 1148 900 lustrarunt
1172 861 1432 899 Athenienses
1461 872 1508 898 ex
1537 871 1622 897 ora-

111 927 187 964 culi
214 939 401 975 responso
431 927 614 975 quodam3
651 930 735 964 tota
763 929 822 963 est
850 926 1015 963 lustrata
1042 925 1110 962 tali
1146 925 1316 971 ratione,
1351 928 1394 961 ut
1430 923 1622 970 sepulcra,

112 994 302 1038 quotquot
329 994 458 1028 essent
485 994 723 1028 mortuorum
743 989 843 1036 Deli,
876 989 1003 1027 omnia
1031 988 1282 1036 deportarent
1311 990 1426 1034 atque
1456 987 1495 1022 in
1522 985 1622 1023 futu-

111 1064 196 1090 rum
223 1054 507 1101 praeciperent,
543 1065 590 1090 ne
620 1053 704 1100 quis
733 1053 772 1089 in
799 1053 926 1090 insula
955 1055 1170 1089 moreretur
1197 1062 1321 1098 neque
1350 1053 1525 1097 pareret,
1556 1048 1625 1086 sed

113 1116 311 1154 Rheneam
341 1115 640 1162 transferretur3
670 1119 708 1153 et
736 1113 990 1165 πεντετηρίδα
1018 1119 1097 1152 tum
1127 1115 1293 1162 primum
1319 1117 1409 1161 post
1427 1113 1627 1150 lustratio-

111 1190 200 1217 nem
227 1183 425 1227 peractam
452 1180 705 1217 instituerunt
731 1180 987 1217 Athenienses
1019 1201 1059 1204 -—
1094 1177 1142 1214 τὰ
1168 1175 1286 1227 Δήλια
1307 1203 1467 1212 ......
1498 1179 1536 1214 et
1570 1175 1626 1212 lu-

113 1242 182 1280 dos
211 1243 424 1290 (gymnicos
453 1246 492 1280 et
519 1243 701 1289 musicos)
730 1241 907 1280 fecerunt
943 1246 980 1279 et
1008 1253 1144 1279 cursus
1174 1251 1378 1288 equorum,
1417 1240 1483 1288 qui
1511 1242 1626 1277 antea

113 1317 190 1343 non
217 1304 408 1344 fuerant«.

217 1369 362 1417 Magna
399 1372 458 1406 est
485 1370 586 1407 inter
614 1370 716 1408 viros
746 1369 880 1408 doctos
909 1369 1193 1416 controversia,
1230 1379 1305 1416 quo
1335 1367 1425 1405 anni
1453 1370 1626 1413 tempore

115 1433 316 1471 sollemnia
351 1433 428 1470 sint
455 1433 626 1480 Apollini
660 1434 857 1480 instituta,
894 1445 1010 1481 quum
1045 1436 1159 1470 antea
1192 1431 1488 1478 Thargelionem
1525 1440 1628 1466 men-

115 1507 195 1534 sem
222 1495 285 1534 dei
313 1507 464 1534 sacrum
494 1494 611 1533 fuisse
647 1496 909 1543 praevaluerit
944 1496 1093 1543 opinio,
1128 1505 1230 1531 nunc
1255 1493 1451 1531 Robertus
1481 1492 1627 1529 Hieron

114 1571 284 1597 mensem
303 1563 508 1607 proponat,
531 1560 726 1605 Augustus
742 1558 1018 1596 Mommsenius
1038 1569 1128 1595 vero
1149 1555 1346 1604 praeferat
1362 1555 1626 1594 Galaxionem.

115 1623 171 1661 Ut
197 1623 353 1660 missam
382 1633 483 1660 nunc
511 1620 696 1659 faciamus
726 1623 899 1669 priorum
928 1621 1179 1667 sententiam,
1217 1620 1359 1666 quippe
1390 1629 1489 1666 quae
1523 1616 1628 1654 nullo

116 1686 192 1724 alio
219 1686 366 1724 nitatur
387 1689 624 1733 argumento,
654 1685 728 1721 nisi
747 1685 964 1722 testimonis
985 1683 1169 1730 Diogenis
1189 1681 1337 1719 Laertii
1358 1680 1521 1718 dicentis
1543 1690 1629 1726 sep-

117 1749 251 1785 timum
272 1747 542 1795 Thargelionis
573 1747 671 1784 diem
692 1747 884 1794 Apollinis
909 1746 1078 1783 natalem
1099 1756 1183 1782 esse
1204 1755 1228 1781 a
1245 1743 1369 1781 Deliis
1391 1740 1629 1788 habitum,²3)

119 1809 316 1849 contendit
357 1811 416 1847 vir
457 1809 702 1848 doctissimus
737 1810 932 1848 Robertus
970 1809 1138 1854 Hieron,
1182 1808 1248 1854 qui
1293 1806 1435 1844 dicitur
1475 1806 1630 1851 mensis,

116 1873 236 1912 fuisse
272 1873 464 1921 Apollinis
501 1884 670 1919 sacrum,
706 1877 749 1910 ut
784 1885 803 1910 e
841 1873 993 1910 nomine
1031 1872 1115 1918 ipso
1152 1873 1359 1917 appareat,
1398 1880 1520 1917 eoque
1558 1868 1633 1906 sol-

117 1937 260 1975 lemnia
294 1937 365 1974 deo
402 1935 653 1982 celebratam)
690 1936 826 1973 testari
863 1939 899 1972 et
933 1933 1218 1981 Thucydidem,
1261 1933 1327 1979 qui
1361 1931 1465 1969 dicat
1501 1931 1632 1969 statim

119 2002 209 2048 post
235 1999 501 2037 lustrationem
531 1998 678 2035 hieme
708 2001 902 2044 peractam
931 1995 1070 2033 festum
1101 1993 1387 2041 quinquennale
1416 1993 1630 2030 instituisse

120 2062 398 2108 Athenienses,
443 2065 481 2099 et
518 2061 745 2108 Dionysium
780 2060 1041 2107 Periegetam,
1085 2058 1150 2106 qui
1185 2055 1392 2094 tradiderit
1432 2056 1632 2094 insulanos

122 2124 331 2172 quotannis
361 2134 492 2161 sacros
520 2123 669 2160 misisse
699 2122 837 2160 choros
867 2121 1037 2170 Apollini
1071 2117 1297 2167 »ἱσταμένου
1327 2118 1516 2169 γλυκεροῦ
1547 2116 1634 2154 νέον

121 2184 273 2237 εἴαρος(
286 2185 334 2231 2⁵)
371 2187 716 2234 gravissimumque
752 2197 836 2223 esse
871 2186 984 2223 huius
1018 2185 1075 2222 rei
1105 2184 1393 2229 documentum,
1430 2181 1533 2229 quod
1562 2181 1634 2219 hoc

121 2261 251 2288 mense
281 2251 488 2298 quotannis
517 2253 597 2287 tota
628 2250 755 2287 insula
783 2250 833 2286 sit
860 2247 1089 2286 lustratassssi
1145 2247 1319 2285 Roberto
1349 2246 1558 2284 assentitur
1587 2256 1634 2282 ex

122 2315 236 2361 parte
265 2313 363 2360 Aug.
392 2312 686 2354 Mommse11ius‚
724 2311 792 2349 sed
820 2311 939 2349 Hiero
976 2311 1096 2348 mensi
1125 2311 1207 2347 vult
1234 2308 1423 2357 praeferri
1452 2308 1635 2346 Galaxio-

122 2387 209 2414 nem
243 2376 416 2421 (tertium
444 2378 647 2421 mensem),
682 2378 799 2422 atque
833 2385 1049 2421 causarum,
1090 2373 1231 2421 quibus
1266 2373 1366 2410 hanc
1401 2372 1632 2410 sententiam

215 2530 262 2573 22)
287 2530 400 2565 Τ11110.
425 2529 489 2574 ΠΙ,
520 2531 592 2564 104.
724 2528 770 2569 23)
796 2527 946 2571 Diogen.
973 2527 1093 2562 Laert.
1120 2527 1184 2567 III,
1210 2529 1241 2561 2.
1375 2525 1420 2570 24)
1446 2524 1514 2559 Die
1533 2523 1635 2558 Fest-

124 2588 197 2623 zeit
221 2587 284 2623 der
309 2587 453 2622 Delien:
492 2586 613 2621 Herm.
639 2586 737 2629 XXI,
763 2596 795 2629 p.
821 2587 891 2619 161.
1057 2584 1103 2626 2⁵)
1130 2583 1277 2627 Dionys.
1304 2582 1481 2626 Perieget.
1509 2592 1539 2615 v.
1558 2582 1635 2616 527.

217 2644 264 2686 26)
289 2643 381 2678 Β1111.
400 2643 432 2678 d.
452 2642 740 2686 Corr.He11.VI‚
767 2653 799 2686 p.
818 2645 878 2677 80:
906 2651 970 2676 suo
996 2641 1073 2676 iure
1098 2640 1157 2675 hic
1183 2639 1395 2683 Homollius,
1422 2639 1636 2682 obloquente

128 2701 305 2746 Roberto,
340 2700 467 2735 statuit
491 2699 652 2735 Hecatae
678 2699 832 2734 insulam
859 2709 937 2733 esse
963 2699 1164 2742 lustratam,
1191 2708 1261 2731 nou
1287 2697 1433 2739 Delum,
1468 2696 1637 2739 quoniam

130 2761 279 2804 »νῆσοςα
306 2768 374 2793 vox
399 2768 540 2802 semper
564 2757 610 2792 ad
635 2757 744 2801 illam,
771 2767 840 2790 non
867 2756 911 2790 ad
937 2756 1029 2790 lianc
1055 2754 1314 2798 designandam
1340 2759 1544 2797 usurpetur.

1320 2810 1364 2846 3*
