1979 3326
754 273 1061 315 -135-

165 411 264 439 anno
291 398 461 447 fuerunt,
491 409 650 447 quorum
678 399 717 436 in
745 397 923 436 frumenti
951 409 974 436 a
1000 398 1255 436 Masannassa
1283 397 1414 436 donati
1442 408 1531 445 rege
1561 409 1651 435 ven·

165 462 308 502 ditione
336 463 416 502 solo
444 463 696 500 Artemisione
723 473 852 500 mense
882 462 1023 499 mentio
1053 459 1096 498 fit
1122 459 1237 505 ter94)
1275 472 1321 498 ne
1351 460 1466 498 semel
1495 459 1647 508 quidem

163 524 336 562 σιτωνῶν
370 525 522 562 1101111110
557 523 708 571 addito,
748 523 815 561 sed
848 523 1013 569 Amnus,
1047 522 1219 569 Phanus,
1255 521 1470 568 Phillacus,
1514 524 1579 570 qui
1614 527 1652 560 et

163 587 319 624 σιτῶναι
348 592 485 635 quater
511 587 624 634 plane
652 584 953 634 appellantur95)
983 589 1020 623 et
1048 597 1123 623 non
1152 585 1273 623 solum
1293 589 1442 633 partem
1469 584 1651 623 frumenti

162 650 344 688 numidici
363 649 644 696 vendidisse,⁹⁶)
674 650 742 688 sed
763 651 876 688 etiam
896 653 954 687 ter
973 649 1089 687 variis
1108 648 1302 687 mensibus
1323 649 1476 696 (primo,
1506 649 1651 696 quinto,

161 715 278 759 nono)
306 712 355 751 ad
383 713 581 751 emendum
608 724 781 761 magnam
810 713 994 760 pecuniae
1030 712 1206 760 publicae
1236 722 1418 750 summam
1454 712 1649 759 accepisse

163 775 404 821 dicuntur.⁹⁷)
459 777 593 825 Itaque
628 788 690 815 res
723 778 762 814 in
796 776 911 814 dubio
945 780 1083 814 manet.
1140 775 1249 823 Quod
1283 778 1410 813 autem
1437 774 1543 812 Nenz
1578 774 1651 812 sibi

162 840 356 888 persuasit
381 841 563 888 pecunias
593 852 613 878 e
640 839 819 878 frumenti
853 839 1006 887 publice
1041 839 1157 887 empti
1192 837 1410 876 venditione
1445 841 1650 885 perceptas

160 903 201 941 in
227 903 377 942 aerario
405 903 559 951 publico
586 903 781 951 depositas
811 914 894 941 esse
924 913 968 940 eo
997 902 1168 948 consilio,
1195 905 1239 938 ut
1258 900 1382 938 denuo
1411 899 1460 938 ad
1486 899 1651 938 frumen-

162 969 243 1004 tum
264 965 464 1004 emendum
483 965 813 1009 adhiberentur98)
844 987 893 992 —
913 968 1033 1003 errat:
1063 964 1306 1012 deponuntur
1326 962 1478 1011 quidem
1499 964 1538 1000 111
1558 974 1649 1002 arca

160 1028 316 1077 publica
351 1031 454 1075 (nam
487 1040 563 1067 non
598 1040 681 1067 esse
717 1028 907 1066 aerarium
935 1027 1006 1066 hoc
1040 1027 1235 1075 publicum
1268 1027 1343 1064 iam
1371 1025 1548 1071 vidimus)
1584 1038 1649 1074 pe-

159 1093 293 1131 cuniae
327 1105 347 1130 e
380 1091 560 1130 frumenti
594 1091 810 1130 venditione
845 1095 1070 1139 perceptae,
1112 1089 1181 1128 sed
1216 1090 1296 1127 eius
1330 1093 1497 1135 tantum,
1541 1089 1643 1137 quod

158 1155 414 1194 Masannassa
447 1156 546 1194 dono
574 1155 751 1201 dederat,
789 1159 828 1192 et
853 1158 979 1193 utrum
1017 1153 1066 1192 ad
1099 1152 1330 1191 frumentum
1365 1152 1489 1191 denuo
1524 1163 1648 1190 emen-

158 1218 248 1257 dum
281 1230 330 1257 an
357 1218 406 1258 ad
441 1219 555 1258 alium
592 1218 781 1267 quendam
816 1230 926 1256 usum
963 1218 1161 1266 depositae
1201 1217 1296 1262 51111,
1332 1227 1379 1253 110
1408 1215 1469 1253 1110
1497 1215 1648 1263 quidem

159 1281 311 1320 dicitur.
366 1280 542 1320 Ceterum
572 1283 849 1330 quinquaginta
876 1282 962 1330 plus
991 1281 1144 1318 milibus
1173 1279 1438 1318 drachmarum
1467 1277 1648 1321 σιτώναες

158 1344 209 1384 ad
235 1343 465 1383 frumentum
493 1345 691 1384 emendum
719 1344 872 1383 traditis
900 1356 947 1382 ne
974 1355 1091 1382 unum
1119 1343 1272 1392 quidem
1299 1343 1447 1381 obolum
1477 1341 1647 1380 videmus

158 1407 207 1446 ab
236 1407 283 1445 iis
311 1419 331 1446 e
358 1407 511 1446 vendito
538 1408 700 1446 relatum
728 1409 767 1446 in
794 1406 964 1456 κιβωτὸν
983 1406 1169 1458 δημοσίαν
1195 1428 1244 1433 -
1267 1418 1396 1459 ⁷neque
1423 1405 1645 1443 verisimile:

158 1480 246 1508 nam
274 1470 306 1508 si
325 1470 483 1518 singulis
504 1471 613 1508 annis
642 1475 681 1509 et
700 1483 746 1509 ex
766 1471 915 1509 aerario
937 1470 1090 1519 publico
1111 1481 1134 1508 a
1155 1468 1422 1518 quaestoribus
1452 1469 1498 1506 iis
1520 1467 1647 1506 trade-

160 1536 295 1571 rentur
331 1533 599 1581 quinquagena
634 1534 738 1572 milia
773 1533 1039 1572 drachmarum
1073 1532 1131 1575 εἶς
1165 1531 1341 1569 σιτωνίαν
1376 1537 1414 1570 01
1447 1531 1648 1570 accederet

159 1593 338 1633 frumenti
365 1595 510 1634 venditi
529 1597 705 1644 pretium,
734 1596 836 1644 quod
855 1597 929 1644 ipsi
954 1598 993 1634 in
1013 1607 1103 1635 arca
1122 1595 1277 1644 publica
1303 1597 1342 1633 in
1361 1595 1503 1642 templo
1523 1605 1646 1632 asser·

159 1661 247 1695 vata
274 1656 535 1705 deponerent,
563 1662 708 1706 quanta
743 1659 877 1706 paucis
906 1659 1015 1696 3111115
1042 1658 1228 1706 pecuniae
1264 1669 1409 1696 summa
1436 1656 1644 1696 evaderet?

157 1718 348 1767 Equidem
376 1720 528 1758 minime
556 1722 773 1768 negaverim
803 1722 988 1769 pecuniae
1017 1720 1182 1759 Demare
1217 1721 1399 1760 archonte
1427 1721 1644 1759 tribusviris

159 1780 419 1820 frumentariis
446 1781 503 1824 εἷς
530 1783 707 1820 σιτωνίαν
736 1784 883 1822 50111130
912 1787 1059 1831 partem
1096 1783 1286 1832 quandam
1321 1782 1439 1822 fluere
1473 1785 1644 1831 potuisse

158 1856 178 1883 0
205 1845 332 1893 pretio
360 1844 540 1884 frumenti
569 1857 668 1885 anno
698 1848 896 1895 superiore
925 1846 1067 1885 venditi
1096 1850 1341 1895 (quamquam
1363 1859 1411 1885 110
1439 1846 1533 1884 illud
1563 1847 1643 1894 qui—

159 1906 257 1954 dem,
287 1909 386 1947 sitne
405 1908 604 1947 Phocaeeo
631 1909 813 1948 archonte
833 1909 1061 1948 frumentum
1088 1910 1147 1947 vel
1166 1914 1333 1957 emptum
1360 1909 1419 1947 vel
1437 1908 1642 1955 venditum,

156 1970 339 2009 traditum
368 1976 426 2010 est
452 1973 691 2019 memoriae),
726 1972 793 2010 sed
821 1972 916 2010 illud
942 1984 1172 2020 magnopere
1201 1983 1378 2011 assevero
1415 1983 1491 2010 non
1525 1971 1642 2010 fuisse

157 2034 348 2072 aerarium
370 2034 560 2082 quoddam
579 2033 869 2074 frumentarium
898 2036 964 2079 (sit
982 2035 1093 2073 venia
1111 2035 1243 2077 verbo)
1272 2035 1355 2083 lege
1383 2036 1641 2073 constitutum.

155 2096 290 2145 Neque
318 2107 435 2136 causa
461 2098 651 2136 aerarium
679 2098 756 2136 tale
785 2097 1041 2136 constituendi
1070 2099 1163 2135 satis
1191 2098 1438 2146 perspicitur:
1468 2099 1500 2135 si
1528 2098 1642 2136 tanti-

155 2158 242 2197 dem
268 2159 423 2198 venibat
449 2159 690 2206 frumentum,
719 2160 851 2208 quanti
880 2164 963 2198 erat
990 2163 1168 2207 emptum,
1197 2171 1265 2197 cur
1293 2159 1365 2198 sibi
1393 2160 1476 2207 ipsa
1505 2160 1639 2198 civitas

154 2222 309 2270 negotia
334 2221 569 2261 facesseret?
599 2224 657 2261 sin
685 2228 812 2261 autem
833 2223 988 2261 minoris
1017 2245 1065 2249 —
1095 2227 1133 2260 et
1160 2226 1262 2260 certe
1283 2222 1485 2261 drachmae
1514 2223 1639 2261 trinae

157 2285 217 2324 vel
250 2285 380 2334 paullo
415 2285 578 2334 amplius
612 2297 683 2334 pro
718 2286 876 2333 singulis
912 2286 1091 2324 numidici
1127 2285 1304 2324 frumenti
1339 2285 1537 2324 medimnis
1579 2297 1640 2324 ac-

241 2445 289 2489 94)
312 2444 454 2480 Demar.
480 2444 575 2479 arch.
601 2449 667 2479 rat.
694 2444 754 2478 lin.
782 2447 856 2488 102,
885 2447 957 2489 104,
987 2446 1058 2479 105.
1196 2444 1242 2487 ⁹⁵)
1267 2444 1355 2479 Ibid.
1381 2444 1440 2479 lin.
1463 2447 1535 2487 100,
1567 2447 1637 2489 127,

155 2504 230 2547 132,
251 2504 323 2538 139.
415 2502 462 2545 ⁹⁶)
477 2501 601 2537 Mense
618 2501 822 2537 Lenaeone:
850 2502 990 2537 Demar.
1009 2501 1104 2536 arch.
1122 2507 1188 2536 rat.
1206 2501 1266 2536 lin.
1287 2504 1359 2536 100.
1445 2503 1491 2543 9⁷)
1514 2502 1637 2537 Mense

150 2557 338 2595 Leuaeone
367 2562 407 2595 18
419 2561 487 2595 560
502 2559 554 2593 dr.
577 2558 676 2603 (ibid.
702 2559 763 2594 lin.
786 2561 993 2603 122—127)‚
1029 2559 1266 2603 Thargelione
1291 2579 1335 2585 —
1360 2559 1506 2594 totidem
1537 2559 1635 2602 (ibid.

150 2615 211 2650 1111.
238 2618 446 2662 129-132),
477 2615 711 2661 Buphonione
744 2636 788 2641 —
822 2619 861 2651 18
874 2618 941 2651 560
964 2616 1014 2650 dr.
1050 2619 1094 2657 lla
1120 2616 1174 2651 ob.
1208 2615 1304 2657 (ibid.
1341 2616 1399 2650 lin.
1429 2619 1635 2660 132—139):

150 2674 258 2707 τοῦτο
280 2672 409 2717 ἔδομεν
434 2675 508 2712 τοῖς
532 2673 696 2712 σιτώναις
716 2671 850 2719 Ἀμνῳ,
876 2671 997 2718 Φάνῳ,
1023 2671 1181 2718 Φιλλάιῳ
1207 2693 1252 2701 —
1283 2673 1445 2709 omnibus
1470 2673 1557 2709 locis
1582 2685 1635 2711 10-

149 2729 293 2776 petitur.
383 2731 431 2775 ⁹⁸)
454 2730 566 2776 Nem,
589 2730 732 2776 Quaest„
758 2731 825 2766 del.
851 2742 884 2776 p.
901 2734 932 2767 9.
