2012 3326
990 241 1219 274 -ῃ-

355 358 725 406 commentariosque
746 357 939 395 hominum
961 356 1158 395 doctorum
1180 356 1356 404 dispersa
1375 361 1475 403 sunt,
1498 360 1541 394 ut
1560 355 1849 394 accuratissime

353 426 572 474 colligerem
602 426 800 475 titulisque
822 425 997 464 omnibus
1017 425 1067 464 ad
1087 424 1224 463 Delum
1251 424 1534 473 pertinentibus
1555 423 1847 472 diligentissime

356 495 583 533 examinatis
620 499 735 543 atque
771 495 872 532 inter
905 505 944 532 se
981 494 1132 532 collatis
1171 497 1273 537 (nam
1310 505 1356 532 ex
1391 493 1645 542 scriptoribus
1681 493 1850 542 antiquis

355 565 470 602 etiam
498 568 614 613 atque
644 565 758 602 etiam
786 563 1007 602 retractatis
1035 564 1097 600 vix
1128 563 1332 611 quicquam
1367 561 1615 610 redundavit,
1645 561 1747 611 quod
1774 573 1851 600 non

352 634 427 671 iam
447 637 549 671 esset
575 635 722 678 notum)
752 643 850 670 nova
880 631 1066 680 quaedam
1097 630 1272 669 afferrem
1300 630 1350 670 ad
1377 631 1465 670 Deli
1493 631 1643 670 insulae
1670 642 1733 669 res
1762 630 1850 669 inde

355 702 403 740 ab
433 702 709 750 antiquissimis
738 700 975 748 temporibus
1005 700 1290 748 cognoscendas
1319 704 1515 749 totamque
1545 704 1583 739 et
1609 699 1850 749 reipublicae

352 770 544 818 gerendae
575 775 613 807 et
641 770 772 817 templi
807 769 1000 817 Apollinei
1027 768 1322 806 administrandi
1351 770 1541 808 rationem
1569 769 1850 808 illustrandam.

353 839 501 878 Seclusi
528 839 753 887 plerumque
780 838 838 875 vel
866 840 1000 885 paucis
1029 838 1292 876 tantummodo
1321 839 1448 877 verbis
1469 839 1580 888 attigi
1607 839 1852 888 quaestiones

352 908 400 946 ad
421 920 482 946 res
512 919 656 955 sacras,
686 919 783 956 quae
812 909 968 955 proprie
990 907 1182 955 dicuntur,
1212 912 1250 946 et
1269 907 1318 946 ad
1338 909 1433 946 artis
1453 908 1655 947 historiam
1676 912 1854 957 spectan-

351 982 423 1024 tes,
453 977 632 1024 quoniam
662 983 699 1014 et
728 977 851 1013 minus
878 976 927 1014 ad
957 977 1161 1024 singularis
1181 977 1348 1014 civitatis
1368 978 1546 1016 instituta
1564 976 1721 1025 publica
1739 987 1854 1026 quam

351 1045 401 1084 ad
420 1046 638 1084 universam
658 1056 819 1093 graecae
847 1056 929 1082 cum
950 1045 1147 1092 religionis
1175 1049 1255 1083 tum
1277 1046 1372 1083 artis
1392 1045 1634 1094 disciplinam
1652 1046 1850 1094 pertinere

354 1114 543 1161 videntur,
573 1125 698 1162 neque
727 1113 884 1152 uberius
913 1114 1145 1161 pertractari
1164 1118 1328 1161 possunt
1347 1113 1616 1153 deficientibus
1635 1114 1761 1154 adhuc
1789 1114 1855 1154 do-

354 1185 554 1222 cumentis.
585 1183 782 1221 Lubenter
798 1183 1105 1232 topographiam,
1127 1195 1240 1232 quam
1262 1183 1406 1232 dicunt,
1426 1184 1575 1223 insulae
1592 1185 1855 1233 exposuissem

352 1254 525 1302 situsque
560 1254 791 1301 templorum
825 1254 942 1291 variis
978 1253 1060 1291 deis
1098 1257 1411 1291 consecratorum
1447 1253 1748 1302 discripsissem3
1787 1253 1855 1292 sed

352 1321 580 1370 perdifficile
610 1326 669 1360 est
695 1335 757 1360 res
778 1322 996 1360 huiusmodi
1027 1322 1100 1360 sibi
1120 1323 1282 1371 aliisque
1313 1323 1511 1361 illustrare
1539 1323 1635 1362 locis
1663 1323 1758 1371 ipsis
1779 1334 1855 1362 non

353 1392 457 1438 visis,
487 1403 585 1440 quae
605 1391 696 1429 mihi
716 1391 881 1430 facultas
909 1391 1000 1430 data
1020 1403 1095 1430 non
1117 1397 1212 1430 erat.
1267 1392 1451 1430 Forsitan
1480 1392 1625 1431 obiciat
1643 1391 1734 1430 mihi
1753 1392 1856 1441 quis-

351 1462 472 1509 piam,
517 1460 620 1509 quod
654 1471 730 1498 non
772 1461 1094 1508 exspectaverim,
1141 1461 1231 1498 dum
1267 1461 1390 1499 titulis
1427 1461 1603 1500 omnibus
1638 1461 1855 1510 ceterisque

351 1530 605 1568 monumentis
647 1529 792 1578 publici
833 1530 928 1567 iuris
964 1529 1075 1568 factis
1119 1531 1364 1578 quaestiones
1407 1530 1602 1579 quaelibet
1634 1531 1685 1570 ad
1719 1531 1856 1569 Delum

353 1600 562 1638 attinentes
592 1599 757 1637 certiore
785 1599 936 1637 ratione
957 1598 1132 1647 expediri
1158 1600 1309 1648 possint
1335 1601 1494 1648 totaque
1523 1599 1569 1638 de
1597 1600 1726 1638 insula
1744 1611 1857 1639 saera

352 1668 502 1718 ἱστορία
523 1668 688 1707 absolvi:
718 1671 834 1716 atque
855 1667 1053 1716 confiteor,
1075 1680 1160 1707 cum
1181 1668 1353 1708 Roberto
1374 1673 1413 1707 et
1431 1669 1639 1718 Koehlero,
1660 1671 1856 1719 magistris

351 1739 444 1776 meis
475 1742 588 1786 (quos
609 1737 765 1776 honoris
795 1749 913 1776 causa
932 1739 1114 1785 nomino),
1145 1738 1368 1777 auctoribus
1397 1738 1444 1777 de
1473 1738 1546 1777 hoc
1573 1739 1706 1778 labore
1737 1740 1858 1778 susci-

352 1807 491 1856 piendo
508 1808 679 1855 cogitare
695 1808 921 1855 coepissem,
942 1807 1067 1855 ipsum
1088 1819 1147 1845 me
1168 1807 1268 1846 idem
1289 1807 1385 1845 illud
1404 1812 1650 1857 reputantem
1669 1809 1857 1857 aliquam-

353 1879 417 1916 diu
446 1878 705 1924 dubitavisse3
740 1877 807 1916 sed
837 1879 959 1916 omnis
987 1878 1079 1915 mihi
1109 1878 1314 1926 scrupulus
1343 1881 1544 1926 exemptus
1579 1882 1638 1916 est
1664 1878 1857 1927 colloquio

353 1959 435 1985 cum
458 1947 648 1986 Homollio
670 1947 815 1994 habito,
845 1948 952 1985 cuius
980 1959 999 1985 e
1020 1947 1147 1985 verbis
1177 1946 1359 1992 (fortasse
1380 1946 1494 1987 falso>
1523 1947 1690 1986 animum
1709 1947 1855 1993 induxi,

353 2022 394 2055 ut
421 2017 618 2055 crederem
648 2017 742 2055 satis
771 2016 925 2063 longum
954 2017 1140 2064 temporis
1178 2017 1345 2064 spatium
1375 2017 1616 2065 elapsurum,
1651 2020 1857 2066 antequam

353 2091 597 2125 monumenta
616 2086 768 2125 deliaca
787 2087 908 2124 omnis
928 2087 1078 2134 generis
1107 2086 1165 2124 vir
1184 2087 1248 2124 ille
1270 2086 1514 2124 doctissimus
1541 2086 1685 2124 ederet.
1728 2086 1856 2134 Quare

354 2156 497 2194 nullum
536 2154 686 2194 videtur
722 2166 806 2194 esse
841 2155 1074 2203 periculum,
1115 2166 1162 2193 ne
1198 2154 1423 2203 propediem
1458 2154 1684 2203 opusculum
1719 2165 1856 2203 meum,

354 2225 392 2263 in
421 2236 496 2273 quo
526 2224 790 2272 componendo
821 2224 914 2262 satis
944 2223 1088 2262 laboris
1117 2224 1352 2272 consumpsi,
1379 2224 1517 2262 inutile
1545 2221 1626 2261 fiat.

457 2293 669 2332 Occasione
709 2292 874 2341 denique
903 2292 976 2331 hac
1002 2297 1103 2340 utor,
1137 2298 1181 2331 ut
1208 2293 1354 2341 gratias
1383 2303 1498 2341 quam
1526 2292 1715 2331 maximas
1743 2302 1856 2341 agam

355 2364 409 2402 eis
438 2363 529 2401 viris
558 2361 693 2409 doctis,
723 2373 885 2410 quorum
912 2362 1076 2401 consilia
1104 2363 1310 2401 utilissima
1336 2362 1509 2401 laborem
1534 2372 1660 2400 meum
1687 2361 1851 2401 maxime

355 2431 607 2471 sublevarunt
633 2435 750 2480 atque
779 2430 828 2469 ad
856 2430 1009 2478 bonum,
1038 2435 1080 2469 ut
1108 2443 1235 2480 spero,
1263 2430 1378 2470 finem
1405 2435 1449 2469 ut
1467 2430 1749 2479 perduceretur
1767 2430 1855 2470 effe—

354 2506 508 2540 cerunt:
564 2501 605 2540 C.
635 2500 822 2547 Roberto,
853 2500 917 2549 qui
946 2499 1046 2539 idem
1074 2502 1221 2548 primus
1255 2512 1314 2539 me
1342 2499 1493 2549 impulit
1526 2498 1577 2538 ad
1611 2499 1711 2538 hanc
1738 2511 1855 2549 quae-

355 2572 518 2610 stionem
547 2569 853 2618 suscipiendam,
888 2570 1002 2609 Udal.
1034 2569 1226 2609 Koehlero
1258 2574 1296 2608 et
1323 2570 1393 2608 Th.
1423 2569 1636 2617 Homollio‚
1672 2569 1739 2618 qui
1768 2580 1853 2608 cum

355 2640 441 2678 aliis
470 2640 585 2678 rebus
614 2643 694 2677 tum
715 2639 1005 2678 communicatis
1025 2650 1172 2677 mecum
1193 2649 1340 2677 summa
1368 2638 1601 2678 liberalitate
1620 2638 1743 2678 titulis
1771 2639 1854 2688 qui·

356 2708 517 2748 busdam
547 2707 714 2747 nondum
743 2706 855 2746 editis
884 2707 1144 2755 gratissimam
1173 2718 1284 2755 opem
1311 2707 1495 2745 tulerunt.

449 2787 654 2822 Scribebam
681 2787 796 2831 Aquis
821 2787 1005 2822 Mattiacis
1032 2787 1155 2821 ultimo
1181 2787 1238 2822 (lie
1263 2787 1347 2822 anni
1378 2789 1473 2822 1888.
