2012 3326
990 295 1240 335 —2„

365 415 466 462 pulsi
502 419 590 453 sunt
617 415 756 454 finibus
784 417 864 454 suis
893 421 931 454 et
958 418 1082 455 coacti
1117 418 1156 454 in
1185 418 1356 455 externis
1384 417 1541 456 sedibus
1575 419 1700 457 minus
1729 419 1870 468 glorio-

367 489 446 515 sam
476 490 635 526 eamque
669 480 849 517 tutiorem
885 480 958 517 sibi
987 481 1152 528 patriam
1188 481 1410 528 exquirere,
1447 481 1485 518 in
1514 492 1591 529 qua
1624 482 1688 519 vix
1715 481 1870 520 tandem

365 541 412 578 iis
441 553 511 588 per
530 542 702 579 inimicos
729 543 974 590 acquiescere
1003 543 1120 581 licuit.
1164 544 1299 592 Neque
1319 548 1447 582 tamen
1474 544 1563 591 illis,
1592 545 1717 593 quiin
1738 555 1870 583 eorum

366 603 489 640 locum
511 608 793 651 successerunt,
822 606 908 642 usui
930 609 1051 651 erant,
1083 617 1181 653 quae
1212 607 1354 644 iniuria
1383 609 1497 654 parta
1525 618 1572 645 ex
1600 607 1767 645 hostium
1794 618 1871 645 ma-

366 665 478 703 nibus
508 671 758 714 acceperunt:
795 679 887 705 casu
917 669 1014 705 enim
1046 670 1188 715 evenit,
1218 670 1277 707 vel
1305 670 1433 717 potius
1463 681 1547 708 sors
1575 669 1764 718 quaedam
1792 670 1872 708 cul-

365 740 499 775 parum
530 730 648 766 ultrix
678 729 823 776 effecit,
859 733 901 767 ut
928 730 1022 768 nihil
1051 732 1098 768 iis
1125 731 1347 778 prodesset,
1377 742 1490 779 quam
1519 735 1598 770 tam
1627 731 1691 770 diu
1720 733 1869 780 appeti-

366 792 527 838 vissent,
565 793 758 839 possessio
787 796 826 830 et
854 794 1005 830 nomine
1034 798 1183 831 tantum
1213 793 1375 841 domini,
1411 804 1548 832 revera
1575 795 1738 833 aliorum
1771 806 1871 833 com—

365 853 486 890 modis
515 853 763 901 inservirent,
805 855 870 902 qui
899 866 995 902 quos
1030 860 1253 902 sperassent
1280 855 1448 904 fructus,
1483 857 1557 905 ipsi
1593 856 1869 906 decerperent;

365 919 481 963 atque
516 928 563 954 ne
592 916 663 953 hac
693 916 847 964 quidem
876 917 995 956 dubia
1022 918 1283 957 dominatione
1318 920 1364 957 iis
1393 920 1502 958 licuit
1529 921 1664 959 otiosis
1693 919 1772 959 frui
1799 932 1870 969 per

366 979 537 1026 eandem,
568 991 644 1027 qua
672 981 818 1018 incolas
846 981 996 1028 priores
1024 982 1220 1028 prosecuti
1249 985 1374 1027 erant,
1403 981 1585 1020 invidiam
1613 982 1751 1031 bisque
1781 994 1871 1022 con—

364 1043 463 1089 tigit,
485 1047 527 1080 ut
547 1043 695 1081 dirutas
716 1055 803 1081 aras
825 1044 885 1082 dei
906 1044 1144 1092 delubraque
1165 1044 1330 1092 direpta,
1351 1045 1515 1083 insulam
1535 1049 1737 1093 vastatam,
1767 1047 1870 1085 cives

366 1116 454 1142 suos
486 1107 631 1144 occisos
660 1107 718 1144 vel
747 1108 785 1144 in
815 1107 1036 1145 servitutem
1065 1107 1252 1145 abductos
1280 1107 1466 1146 viderent.
1513 1108 1649 1156 Neque
1677 1109 1785 1156 prius
1813 1110 1870 1147 in-

365 1167 468 1205 vidia
496 1169 589 1206 haec
618 1170 853 1217 sempiterna
880 1169 1015 1207 sedata
1043 1173 1118 1216 est,
1156 1181 1267 1218 quam
1298 1169 1440 1208 divitiis
1476 1170 1709 1219 absumptis,
1745 1171 1869 1219 gloria

365 1242 517 1278 quoque
547 1242 680 1269 sacrae
711 1231 796 1269 Deli
827 1236 1075 1269 evanesceret
1108 1235 1265 1280 totaque
1300 1243 1383 1270 cum
1412 1233 1563 1281 reliqua
1590 1232 1776 1282 Graecia,
1811 1246 1870 1272 se-

364 1295 530 1332 nectutis
560 1300 716 1342 torpore
745 1295 938 1343 languida,
967 1296 1159 1343 Apollinis
1189 1296 1301 1334 etiam
1332 1296 1460 1334 insula
1486 1296 1525 1333 in
1552 1296 1744 1335 hominum
1774 1296 1869 1335 obli-

363 1357 512 1394 vionem
541 1357 740 1395 incideret..

480 1419 567 1458 Deli
609 1421 760 1459 insulae
803 1432 918 1469 quum
961 1421 1053 1458 mihi
1094 1422 1196 1459 vices
1244 1421 1546 1469 perscrutandas
1587 1423 1868 1471 proposuerim,

364 1486 563 1530 exspectet
591 1482 752 1521 forsitan
783 1484 984 1531 quisquam
1013 1495 1072 1522 me
1101 1484 1413 1532 mythologicam,
1449 1496 1548 1533 quae
1577 1485 1735 1532 dicitur,
1764 1489 1869 1524 aeta-

365 1549 440 1582 tem
476 1546 650 1593 pluribus
689 1550 991 1594 persecuturum,
1036 1550 1079 1583 ut
1112 1547 1151 1584 in
1193 1550 1300 1584 terra
1339 1550 1495 1594 praeter
1531 1550 1679 1586 ceteras
1717 1558 1741 1586 a
1784 1549 1866 1586 deis

363 1607 618 1656 frequentata.
683 1610 759 1647 Sed
797 1621 950 1655 vereor,
986 1621 1034 1647 ne
1069 1610 1126 1647 his
1163 1609 1333 1648 tenebris
1368 1609 1553 1658 deceptus
1587 1614 1693 1649 recto
1727 1611 1867 1649 itinere

364 1670 563 1709 deflectam
614 1684 687 1710 neu
738 1673 786 1710 ad
831 1685 892 1710 res
934 1684 1148 1721 properans
1192 1674 1376 1711 clariores
1419 1673 1607 1712 detinear.
1676 1674 1775 1713 Nam
1816 1687 1864 1713 ne

362 1734 389 1770 ii
425 1734 577 1781 quidem
615 1735 784 1773 homines
820 1736 940 1783 docti,
979 1737 1043 1784 qui
1081 1740 1196 1774 antea
1229 1737 1379 1784 mythos
1420 1736 1600 1776 Deliacos
1637 1739 1865 1784 tractarunt,

364 1796 593 1834 Gilbertium
632 1797 717 1836 dico
755 1801 793 1836 et
826 1798 1053 1846 Lebegium,
1097 1800 1268 1847 quamvis
1304 1800 1343 1837 in
1376 1800 1436 1838 his
1469 1799 1585 1838 rebus
1619 1799 1868 1839 enucleandis

362 1871 537 1907 magnam
569 1862 877 1908 consumpserint
906 1873 1062 1909 operam
1092 1863 1354 1910 laboremque,
1382 1873 1469 1901 mea
1496 1862 1650 1911 quidem
1676 1864 1869 1902 sententia

363 1922 572 1970 quidquam
604 1925 867 1970 contulerunt,
899 1924 1001 1972 quod
1029 1926 1222 1963 mentione
1252 1925 1407 1973 dignum
1435 1928 1549 1963 esset.
1606 1925 1776 1972 Quorum
1802 1925 1868 1963 ille

363 1986 483 2033 magis
513 1987 549 2023 in
582 1987 702 2024 sacris
723 1987 880 2025 deliacis
912 1988 1139 2025 enarrandis
1161 1998 1272 2035 quam
1303 1988 1339 2024 in
1367 1986 1510 2026 -fabulis
1538 1987 1779 2026 illustrandis
1808 1991 1868 2026 est

363 2052 536 2086 versatus
571 2053 628 2095 et,
665 2061 779 2097 quum
819 2050 913 2087 duos
943 2050 1143 2098 Apollines
1179 2051 1452 2098 distingueret,
1488 2050 1653 2089 alterum
1694 2051 1734 2088 in
1766 2050 1864 2090 Delo

362 2113 510 2155 natum,
549 2111 710 2149 alterum
741 2124 760 2150 e
791 2112 909 2159 Lycia
936 2114 1148 2150 venientem
1179 2116 1218 2150 et
1245 2112 1294 2151 ad
1321 2112 1596 2160 Hyperboreos
1623 2113 1863 2161 migrantem,

361 2173 505 2210 nullum
542 2173 633 2211 fecit.
670 2174 824 2212 verbum
863 2174 909 2212 de
947 2175 1124 2222 Apolline
1161 2174 1348 2222 Delphico
1386 2185 1432 2213 ac
1465 2185 1512 2213 ne
1546 2175 1676 2223 posuit
1710 2174 1864 2223 quidem

362 2237 636 2283 quaestionem,
666 2248 764 2284 quae
786 2238 885 2274 inter
905 2240 1108 2285 utrumque
1130 2237 1388 2276 intercederet
1406 2237 1662 2285 necessitudo,
1683 2242 1863 2277 essentne

362 2298 515 2345 diversi,
544 2299 696 2337 diversa
724 2301 851 2347 patria
879 2300 1044 2346 oriundi,
1073 2312 1121 2338 an
1151 2301 1182 2338 si
1202 2299 1302 2338 idem
1330 2303 1446 2348 atque
1476 2312 1586 2348 unus,
1615 2303 1745 2338 utrum
1771 2301 1865 2339 Delo

361 2363 546 2409 Delphos,
576 2374 624 2400 an
656 2363 812 2410 Delphis
835 2363 969 2401 Delum
1000 2363 1194 2411 profectus
1222 2367 1336 2410 esset,
1365 2373 1464 2412 quae
1492 2362 1647 2401 fabulae
1666 2362 1717 2401 ad
1744 2363 1864 2402 alter-

362 2430 486 2463 utrum
523 2425 747 2464 referendae
784 2438 960 2474 quaeque
995 2426 1180 2464 ambobus
1217 2437 1436 2465 communes
1472 2428 1611 2464 essent.
1672 2424 1865 2474 Lebegius

361 2492 501 2534 autem,
531 2499 759 2536 quamquam
781 2501 956 2537 magnam
978 2490 1229 2527 eruditionem
1260 2500 1514 2537 magnumque
1534 2487 1701 2526 studium
1721 2487 1771 2527 ad
1792 2488 1862 2527 has

360 2562 422 2588 res
450 2551 742 2589 obscurissimas
770 2553 1070 2599 perscrutandas
1099 2552 1286 2599 adhibuit,
1314 2555 1449 2590 contra
1475 2551 1636 2599 primam
1663 2551 1758 2589 artis
1787 2551 1863 2588 cri-

361 2613 458 2650 ticae
488 2613 607 2660 legem
629 2624 810 2660 peccasse
839 2615 928 2651 mihi
951 2614 1119 2652 videtur:
1150 2615 1322 2662 singulas
1342 2614 1523 2662 deinceps
1542 2612 1694 2652 fabulas
1714 2616 1861 2660 narrat,

362 2685 460 2722 quae
489 2675 590 2723 apud
611 2676 817 2713 Homerum
839 2678 1080 2725 tragicosque
1101 2678 1238 2716 atticos
1260 2688 1436 2726 quaeque
1459 2678 1498 2714 in
1517 2676 1674 2724 scriptis
1694 2675 1862 2714 Alexan-

361 2736 555 2775 drinorum
585 2742 623 2776 et
651 2739 948 2785 Byzantinorum
978 2743 1149 2786 exstant,
1185 2739 1296 2787 quasi
1324 2738 1499 2777 omnibus
1534 2737 1670 2776 eadem
1699 2741 1740 2776 et
1766 2736 1861 2776 fides
