1957 3326
886 303 1167 344 -72-

279 427 461 475 templum
490 426 634 465 delium
661 427 994 475 administrabant,
1022 429 1130 476 sequi
1151 428 1366 467 debuerint.
1408 428 1495 467 Non
1515 429 1631 477 igitur
1649 426 1778 466 differt

281 502 366 528 mea
405 491 595 528 sententia
631 488 820 540 συνθῆκαι
855 502 990 529 nomeu
1026 491 1074 529 ab
1113 491 1199 542 ἱερὰ
1234 490 1436 542 συγγραφὴ
1468 503 1581 539 voce,
1616 503 1729 540 quam
1757 503 1778 530 e

282 553 394 591 titulo
431 552 576 591 liberae
615 558 787 601 tempore
822 554 986 591 civitatis
1025 553 1195 592 deliacae
1233 555 1449 602 conscripto
1484 554 1698 593 Homollius
1740 558 1780 593 et

280 615 441 664 protulit
469 619 507 653 et
535 615 810 664 explicavit.⁶⁸)

385 678 492 717 Haec
520 678 599 716 fere
629 678 677 717 ad
697 679 1066 717 administrationem
1087 679 1349 718 atheniensem
1369 679 1673 727 cognoscendam
1692 692 1779 729 per-

283 742 444 790 cipimus
475 752 494 778 e
523 741 634 779 titulo
664 741 942 787 Sandwicensi;
973 741 1018 778 de
1036 741 1157 779 Deliis
1187 746 1313 780 autem
1341 742 1435 790 ipsis
1463 741 1557 780 nihil
1585 741 1779 791 discimus,

281 805 354 842 nisi
382 804 594 851 aegerrime
631 814 697 841 eos
726 804 860 841 tulisse
891 803 1187 842 dominationem
1226 805 1514 852 peregrinorum
1541 805 1781 854 redintegra-

281 872 358 906 tam
391 872 429 904 et
458 867 585 905 odium
622 878 730 904 suum
768 866 985 904 foedissime
1016 867 1229 914 explevisse
1265 867 1597 915 amphictyonibus
1625 868 1663 905 in
1697 868 1781 916 ipso

282 931 425 978 templo
447 930 672 968 verberibus
693 929 849 967 affectis.
897 928 971 966 Sed
991 940 1107 965 unum
1128 928 1335 967 divinando
1355 928 1539 976 indagare
1558 940 1780 977 possumus:

282 993 324 1031 fit
348 994 449 1031 inter
469 994 545 1031 alia
566 992 754 1039 aedificia,
783 1002 882 1040 quae
903 991 1191 1039 amphictyones
1212 991 1414 1030 sarcienda
1432 996 1629 1039 curarunt,
1657 993 1783 1030 cuius-

287 1055 374 1094 dam
404 1057 546 1094 mentio
576 1053 800 1092 ἐπιστασίου
830 1055 980 1092 nomine
1007 1053 1261 1102 appellati,⁶⁴)
1290 1053 1393 1102 quod
1420 1065 1496 1092 non
1523 1053 1627 1092 aliud
1654 1058 1784 1102 potest

283 1131 368 1157 esse
399 1120 472 1157 nisi
501 1119 646 1166 domus,
676 1119 741 1157 ubi
770 1115 976 1167 ἐπιστάτης
1004 1117 1063 1155 vel
1090 1117 1289 1155 habitabat
1308 1117 1369 1155 vel
1387 1129 1544 1156 munere
1563 1129 1633 1156 suo
1653 1116 1785 1165 funge-

282 1181 415 1227 batur3
451 1193 537 1220 nam
568 1184 757 1230 epistatae
793 1192 930 1219 nomen
964 1184 1006 1217 ut
1034 1191 1222 1228 nusquam
1250 1181 1289 1218 in
1317 1180 1442 1218 titulis
1469 1179 1784 1228 amphictyonicis

283 1246 494 1291 invenitur,
530 1246 585 1282 ita
613 1245 836 1292 saepissime
867 1243 1034 1281 occurrit
1062 1243 1101 1279 in
1131 1242 1287 1280 deliacis
1322 1246 1493 1290 tempore
1521 1241 1668 1280 liberae
1695 1242 1784 1280 civi-

284 1308 376 1345 tatis
405 1307 524 1355 lapidi
553 1308 697 1354 incisis,
727 1306 828 1344 unde
849 1306 1063 1343 Homollius
1085 1305 1250 1343 coniecit
1272 1304 1370 1342 hunc
1390 1305 1656 1352 magistratum
1683 1303 1784 1342 ludis

287 1369 530 1408 celebrandis
559 1369 788 1417 quibusdam
816 1367 1044 1417 praefuisse,
1075 1379 1151 1415 qua
1179 1367 1225 1405 de
1254 1378 1296 1404 re
1325 1378 1395 1405 suo
1423 1367 1507 1405 loco
1536 1377 1783 1414 exponemus.

386 1432 488 1470 Miro
518 1443 608 1470 sane
639 1443 729 1470 casu
759 1431 911 1477 accidit,
940 1435 999 1471 ut.
1030 1429 1348 1478 quemadmodum
1376 1430 1416 1467 in
1445 1441 1502 1476 eo,
1531 1441 1644 1478 quem
1673 1428 1786 1468 modo

285 1496 625 1543 pertractavimus,
661 1495 772 1533 titulo
807 1497 960 1532 exstant
988 1494 1161 1541 integrae
1191 1504 1310 1541 prope
1338 1493 1507 1530 rationes
1535 1493 1786 1540 pecuniarum

288 1558 480 1606 Apollinis
509 1557 557 1595 ab
587 1557 920 1604 amphictyonibus
950 1555 1144 1602 redditae,
1174 1556 1229 1594 ita
1255 1557 1294 1593 in
1322 1554 1452 1603 lapide
1480 1566 1605 1603 nuper
1632 1554 1680 1593 ab
1710 1554 1788 1593 Ho-

286 1621 414 1658 mollio
453 1620 598 1667 publici
634 1621 728 1657 iuris
766 1618 866 1657 sacto
896 1620 1114 1666 reperiatur
1142 1619 1267 1656 altera
1294 1619 1485 1656 rationum
1522 1618 1659 1656 harum
1693 1629 1787 1666 pars

286 1695 361 1721 non
390 1682 508 1720 multo
538 1685 625 1730 post
653 1682 809 1729 scripta,
838 1682 1054 1719 inventa-ria
1079 1681 1278 1718 continens
1299 1691 1432 1718 sacrae
1459 1681 1709 1728 supellectilis
1737 1680 1786 1719 ab

287 1746 431 1784 eisdem
460 1745 750 1792 magistratibus
785 1746 824 1782 iu
861 1745 1013 1792 templis
1051 1743 1207 1781 deliacis
1237 1748 1470 1781 asservatae.
1526 1743 1651 1781 Erant
1684 1746 1788 1781 certe

286 1809 388 1846 tituli
424 1808 537 1846 huius
573 1809 724 1856 generis
767 1809 840 1844 iam
878 1806 1072 1845 Boeckhio
1109 1805 1328 1854 coguiti,⁶⁵)
1371 1809 1482 1843 erant
1515 1806 1731 1854 complures
1766 1817 1790 1844 a

287 1871 480 1909 Koehlero
509 1871 591 1909 viro
621 1871 842 1908 doctissimo
871 1871 910 1907 in
939 1869 1052 1917 Corp.
1075 1869 1194 1906 Inscr.
1217 1869 1333 1906 Attic.
1361 1869 1433 1907 vol.
1455 1868 1494 1906 11
1522 1868 1667 1917 publici
1695 1869 1789 1906 iuris

288 1932 451 1980 facti,⁶⁶)
483 1933 549 1971 sed
579 1932 690 1971 fracti
719 1933 774 1970 illi
801 1944 932 1971 omnes
959 1936 997 1970 et
1022 1932 1167 1970 lacunis
1193 1931 1449 1980 pessumdati:
1477 1931 1540 1969 hic
1567 1942 1658 1970 vero
1686 1931 1790 1969 solus

292 1999 351 2034 est
379 1996 428 2034 ad
457 1997 624 2034 litteram
653 2007 776 2043 paene
805 1997 965 2043 integer.

393 2058 553 2096 Maximi
591 2060 692 2096 inter
720 2059 869 2107 reliqua
904 2059 1084 2096 momenti
1121 2061 1210 2096 sunt
1237 2057 1286 2096 ad
1314 2057 1520 2104 rationem,
1558 2067 1656 2105 quae
1691 2057 1792 2094 inter

293 2121 489 2159 Deliorum
512 2122 702 2159 civitatem
724 2121 1093 2169 Atheniensiumque
1114 2121 1344 2167 intercessit,
1373 2118 1677 2168 cognoscendam
1697 2119 1792 2157 haec

293 2184 411 2222 verba
439 2184 527 2222 huic
562 2185 673 2223 titulo
702 2185 962 2232 praescripta:
997 2182 1056 2221 ἐπὶ
1091 2182 1354 2233 Τιμοκράτους
1389 2179 1587 2233 ἄρχοντος
1615 2179 1793 2232 Ἀθήνησι,

289 2242 331 2282 ἐν
360 2244 468 2295 Δήλῳ
497 2244 542 2282 δὲ
564 2245 768 2288 Αἷετίωνος
797 2244 892 2282 τάδε
921 2244 1117 2296 ἀπέφηναν
1145 2242 1185 2282 ἐν
1216 2248 1271 2295 τῷ
1298 2242 1510 2294 Ἀρτεμισίῳ
1539 2242 1602 2280 καὶ
1629 2241 1793 2293 παρέδυ·

290 2319 361 2345 σαν
390 2306 560 2358 σταθμῷ
589 2308 652 2345 καὶ
688 2307 843 2359 ἀριθμῷ
877 2308 979 2358 μετὰ
1012 2307 1161 2358 βουλῆς
1189 2306 1333 2357 Δηλίων
1369 2306 1433 2343 καὶ
1467 2305 1669 2355 ἱεροποιῶν
1697 2303 1794 2343 Ἀπα-

292 2370 446 2419 τουρίου
478 2370 542 2406 καὶ
571 2371 844 2422 συναρχόντων
873 2369 1134 2420 ἀμφικτυονες
1158 2368 1361 2420 Ἀθηναίων
1385 2368 1564 2420 Ἀρίστων
1592 2365 1794 2418 Ἀφιδναῖος

291 2432 357 2469 καὶ
386 2432 661 2485 συνάρχοντες,
691 2431 747 2475 οἷς
770 2433 1005 2482 Πραξιτέλης
1021 2431 1240 2483 Πραξιάδου
1260 2430 1565 2482 ἐγραμμάτευεν,
1584 2428 1794 2480 ἀμφικτύο-

292 2507 350 2532 σιν
379 2493 574 2546 Ἀθηναίων
606 2495 829 2547 θρασωνίὸῃ
856 2494 1063 2545 mmmdcc
1092 2494 1156 2532 καὶ
1185 2494 1454 2546 συνάρχουσιν,
1482 2491 1541 2536 οἶς
1567 2491 1692 2544 Μένης
1720 2490 1794 2530 Με-

293 2557 475 2600 νεκλέους
503 2555 870 2607 ἐγραμμάτευεν.67)

383 2666 429 2709 ⁶³)
456 2664 547 2699 Bull.
573 2664 595 2698 d
633 2665 729 2699 Corr.
757 2664 923 2708 11011.Υ1,
950 2667 1053 2708 1›.63.
1149 2665 1195 2709 ⁶⁴)
1220 2663 1268 2698 M.
1297 2662 1434 2698 Sandw.
1461 2662 1585 2706 fragm.
1603 2660 1637 2705 b,
1661 2660 1721 2695 lin.
1738 2662 1793 2696 30.

386 2724 430 2766 ⁶5)
459 2722 707 2757 Staatshaush.
733 2721 765 2756 d.
792 2722 922 2756 Athen.
949 2722 1016 2766 11³,
1041 2733 1074 2766 p.
1094 2724 1172 2766 286,
1197 2723 1275 2765 294,
1299 2723 1376 2756 299.
1513 2719 1562 2763 ⁶⁶)
1587 2718 1625 2753 G.
1639 2717 1665 2752 1.
1679 2717 1722 2752 A.
1748 2716 1795 2762 11,

293 2783 371 2824 613,
395 2783 473 2823 eno,
499 2781 576 2823 817,
602 2782 679 2823 819,
706 2781 783 2823 820,
809 2781 976 2814 825—26.
1116 2779 1163 2821 ⁶⁷)
1187 2777 1280 2813 Buu.
1306 2777 1339 2813 u.
1363 2777 1460 2812 corr.
1484 2775 1578 2811 Heu.
1595 2774 1639 2820 x,
1664 2776 1793 2820 p.461.
