1957 3293
927 269 1237 309 —116—

331 389 458 426 verbis
493 390 740 429 sollemnibus
775 391 1043 430 absolvuntur:
1091 389 1224 441 ἐπειδὴ
1258 391 1280 428 ὁ
1314 390 1420 429 δεῖνα
1453 391 1548 443 ἀνὴρ
1583 391 1736 441 ἀγαθὸς
1774 390 1828 431 ὢν

330 449 504 488 διατελεῖ
523 452 616 502 περί
638 465 680 490 τε
701 452 744 490 τὸ
766 453 868 502 ἱερὸν
897 452 960 490 καὶ
983 452 1047 491 τὸν
1075 452 1196 504 δῆμον
1224 453 1290 491 τὸν
1309 453 1452 504 Δηλίων
1479 454 1544 491 καὶ
1568 454 1709 506 χρείας
1735 469 1827 506 παρ·

330 511 464 564 έχεται
499 515 563 551 καὶ
597 519 705 567 κοινῇ
741 521 786 567 τῇ
824 516 930 552 πόλει
959 515 1023 553 καὶ
1059 515 1135 567 ἰδίᾳ
1169 519 1250 559 τοῖς
1283 514 1579 568 ἐντυγχάνουσιν
1616 514 1723 568 αὐτῷ
1754 518 1830 555 τῶν

329 575 491 613 πολιτῶν
519 575 562 620 ἐς
589 577 610 615 ὃ
639 576 685 615 ἄν
714 592 771 622 τις
799 577 912 616 αὐτὸν
941 578 1191 630 παρακαλέσῃ
1226 578 1311 629 περὶ
1338 578 1459 630 Δήλου
1494 584 1561 618 aut
1594 580 1671 619 alia
1699 580 1830 619 huius—

330 639 453 686 modi3
488 641 610 680 altera
639 647 749 690 parte
784 647 873 690 post
907 643 1024 680 verba
1059 640 1253 693 δεδόχθαι
1282 646 1336 692 τῷ
1368 640 1474 692 δήμῳ
1512 646 1596 687 (aut
1624 645 1671 695 τῇ
1702 642 1830 693 βουλῇ

331 701 394 738 καὶ
423 705 479 752 τῷ
503 702 623 754 δήμῳ,
661 716 737 752 qua
765 705 812 742 de
841 717 881 743 re
911 705 1022 744 modo
1052 705 1169 743 verba
1197 704 1285 749 feci)
1321 706 1494 753 praemia
1531 709 1570 743 et
1596 705 1760 744 honores
1790 707 1828 744 in

331 775 417 801 eum
445 765 574 804 collati
609 769 927 815 pronuntiantur,
964 779 1063 816 quae
1092 779 1183 815 pars
1219 766 1351 805 finitur
1384 768 1530 806 verbis:
1565 765 1751 820 ὑπάρχειν
1784 766 1829 805 δὲ

331 824 438 876 αὐτῷ
463 827 526 864 καὶ
562 826 680 865 τᾶλλα
715 829 837 866 πάντα
871 828 947 867 ὅσα
983 828 1140 866 δέδοται
1168 829 1233 866 καὶ
1262 831 1342 872 τοῖς
1369 827 1499 872 ἄλλοις
1533 829 1731 879 προξένοις
1765 829 1829 866 καὶ

331 885 557 938 εὐεργέταις
586 890 655 926 τοῦ
684 903 728 927 τε
758 890 863 940 ἱεροῦ
893 890 957 927 καὶ
981 891 1048 927 τοῦ
1069 889 1195 940 δήμου
1225 891 1293 928 τοῦ
1315 890 1480 941 Δηλίωνς
1507 893 1609 930 inter
1636 892 1706 931 has
1734 892 1830 930 duas

331 950 476 989 decreti
503 957 634 999 partes
664 964 940 1000 saepenumero
969 955 1088 992 tertia
1118 958 1177 991 est
1205 954 1447 1002 interposita,
1477 966 1554 1003 qua
1580 955 1830 1004 praedicatur

330 1013 511 1060 populum
533 1013 627 1052 haec
647 1016 842 1062 statuisse,
873 1027 920 1053 ne
945 1017 1119 1063 ingratus
1140 1020 1329 1063 appareat
1355 1017 1395 1054 in
1423 1018 1526 1056 viros
1555 1017 1602 1056 de
1630 1017 1831 1066 republica

331 1074 428 1113 bene
458 1077 614 1114 meritos
645 1075 717 1123 (ἵνα
745 1074 809 1114 οὖν
837 1076 858 1113 ὁ
887 1076 1009 1128 δῆμος
1037 1075 1272 1128 εὐχάριστος
1292 1078 1470 1129 φαίνηται
1497 1078 1562 1116 καὶ
1591 1080 1710 1130 τιμῶν
1739 1078 1832 1122 τοὺς

333 1137 564 1187 γενομένους
591 1138 766 1187 ἀγαθοὺς
793 1136 966 1189 ἄνδρας).
1022 1139 1199 1188 Denique
1234 1140 1305 1178 sub
1339 1141 1483 1178 exitum
1511 1141 1694 1180 iubentur
1721 1152 1832 1180 sena·

331 1205 436 1239 tores
473 1202 510 1239 in
549 1207 705 1249 senatu,
746 1203 942 1250 hieropoei
976 1204 1014 1240 in
1050 1203 1194 1250 templo
1229 1202 1424 1241 decretum
1459 1203 1600 1242 litteris
1634 1204 1830 1252 mandare,

333 1263 435 1311 quod
464 1274 555 1303 cave
584 1266 639 1304 ita
665 1265 879 1313 intellegas,
909 1265 1019 1313 quasi
1038 1265 1173 1302 titulus
1197 1264 1315 1312 lapidi
1334 1265 1561 1304 incidendus
1588 1265 1717 1314 fuerit,
1746 1278 1831 1305 cum

332 1337 379 1363 ne
420 1326 583 1366 Athenis
625 1328 796 1376 quidem,
844 1328 910 1366 ubi
952 1331 1103 1366 constat
1144 1329 1347 1366 maximum
1389 1328 1589 1366 titulorum
1632 1341 1830 1368 numerum

332 1388 485 1436 publice
513 1391 753 1438 propositum
791 1402 895 1437 esse,
931 1395 1009 1429 tam
1043 1391 1215 1428 liberalis
1244 1389 1361 1429 fuerit
1388 1391 1542 1439 civitas,
1577 1395 1621 1430 ut
1653 1393 1733 1431 ulla
1767 1393 1831 1431 de·

332 1456 440 1490 creta
481 1452 690 1492 honorifica
725 1453 875 1491 duobus
913 1453 1198 1501 exemplaribus
1239 1453 1445 1492 incidenda
1486 1459 1642 1493 curaret
1677 1455 1831 1503 publico

332 1519 499 1562 sumptu.
554 1516 682 1564 Atque
717 1509 965 1555 confirmatur
1000 1516 1096 1554 haec
1124 1527 1210 1554 mea
1237 1517 1366 1564 opinio
1402 1517 1477 1554 iam
1506 1527 1626 1565 supra
1653 1519 1831 1566 exposita

333 1588 379 1614 ea
407 1589 460 1623 re,
489 1578 591 1625 quod
619 1590 807 1626 nusquam
836 1580 875 1616 in
903 1579 1068 1617 decretis
1104 1590 1228 1626 neque
1262 1577 1404 1629 στήλης
1431 1577 1575 1629 λιθίνης
1606 1581 1749 1618 mentio
1776 1579 1831 1629 fit,

331 1640 370 1676 in
399 1650 513 1687 quam
542 1640 658 1678 incidi
686 1641 909 1687 iubeantur,
946 1653 1070 1689 neque
1105 1645 1352 1688 quaestorum
1389 1641 1597 1680 aliorumve
1632 1643 1832 1690 magistra-

332 1706 450 1749 tuum,
480 1703 544 1750 qui
573 1704 757 1750 pecunias
788 1703 837 1741 ad
865 1703 903 1741 id
931 1704 1055 1751 ipsum
1077 1707 1252 1751 erogent:
1288 1707 1368 1742 tum
1396 1703 1507 1743 modo
1535 1704 1675 1755 ταμίας
1701 1705 1833 1754 appel-

331 1765 455 1811 latur,
493 1776 576 1803 cum
606 1767 644 1803 in
673 1777 853 1805 coronam
891 1777 1046 1804 auream
1076 1765 1375 1814 comparandam
1402 1767 1598 1815 impensae
1633 1766 1832 1807 faciendae

331 1833 453 1866 erant.
494 1829 751 1875 Quamobrem
773 1834 811 1868 et
833 1829 947 1868 credo
967 1830 1100 1868 titulos
1121 1828 1351 1868 honorificos
1382 1851 1432 1856 —
1459 1829 1500 1868 id
1529 1830 1631 1878 quod
1651 1830 1727 1869 iam
1746 1830 1826 1868 dixi

331 1912 380 1917 —
409 1891 645 1938 privatorum
675 1892 890 1940 sumptibus
919 1892 1113 1940 lapidibus
1142 1893 1283 1931 incisos
1312 1896 1361 1940 et,
1391 1896 1589 1931 senatores
1617 1892 1831 1941 hieropoei-

332 1965 405 2001 que
435 1954 466 1991 si
496 1953 677 1991 iubentur
705 1954 862 1993 decreta
888 1955 1142 2003 perscribere,
1171 1955 1244 1993 hoc
1271 1966 1347 1994 non
1375 1955 1423 1994 de
1451 1955 1658 2003 lapidibus,
1687 1955 1756 1994 sed
1783 1955 1831 1994 de

330 2016 472 2053 chartis
507 2016 803 2063 intellegendum
842 2021 923 2063 est,
967 2029 1063 2065 quas
1098 2019 1137 2055 in
1173 2017 1273 2055 hunc
1307 2029 1417 2055 usum
1453 2021 1601 2066 emptas
1637 2019 1776 2056 scimus
1811 2030 1831 2056 e

331 2078 623 2126 hieropoeorum
661 2079 946 2129 rationibus.²⁵)
1003 2079 1204 2118 Contionis
1242 2081 1429 2128 principis
1465 2092 1603 2119 nomen
1637 2081 1676 2119 in
1709 2082 1831 2120 titulis

331 2142 557 2189 posterioris
592 2143 732 2180 aetatis
768 2146 938 2180 extremo
974 2143 1056 2180 loco
1085 2143 1176 2190 poni
1205 2143 1358 2180 solitum
1393 2153 1477 2181 esse
1505 2143 1580 2181 iam
1607 2153 1832 2183 commemo-

331 2204 424 2241 ravi.
480 2204 652 2252 Itemque
688 2205 760 2242 iam
798 2216 916 2252 supra
944 2205 1173 2243 mentionem
1203 2203 1276 2242 feci
1305 2205 1565 2253 vasculorum,
1595 2216 1694 2254 quae
1722 2210 1832 2254 quot-

331 2267 444 2303 annis
473 2278 496 2304 a
525 2271 661 2304 senatu
691 2267 761 2305 deo
797 2268 1075 2314 offerebantur3
1109 2267 1177 2306 sed
1212 2267 1376 2306 fueritne
1411 2268 1470 2306 vel
1497 2279 1612 2306 unum
1648 2279 1779 2307 eorum
1808 2280 1832 2308 a

331 2333 465 2367 senatu
499 2330 582 2377 ipso
612 2341 680 2367 suo
722 2334 875 2378 sumptu
911 2335 1194 2378 comparatum,
1228 2329 1379 2374 dubito,
1419 2340 1504 2368 cum
1534 2341 1581 2369 ex
1608 2330 1831 2379 hieropoeo-

330 2403 413 2428 rum
455 2392 668 2430 rationibus
710 2398 899 2440 appareat
939 2392 1057 2431 fuisse
1099 2397 1255 2431 senatus
1296 2403 1432 2430 munus
1473 2394 1745 2441 praecipuum,
1788 2398 1832 2432 ut

331 2465 378 2491 ex
406 2455 534 2491 usuris
565 2456 826 2502 pecuniarum,
857 2467 954 2503 quae
983 2455 1031 2493 ab
1060 2455 1275 2493 hominibus
1304 2454 1533 2503 quibusdam
1560 2455 1636 2503 piis
1663 2454 1735 2494 deo
1764 2455 1831 2494 do-

332 2520 446 2554 natae
467 2521 587 2563 erant‚
618 2517 765 2564 aliquot
785 2519 991 2565 quotannis
1013 2529 1104 2556 vasa
1123 2518 1300 2557 facienda
1319 2522 1485 2566 curaret,
1505 2518 1734 2558 donatorum
1763 2530 1828 2558 no-

420 2649 465 2694 2⁵)
498 2650 640 2686 Demar.
673 2651 770 2686 arch.
803 2656 868 2687 rat.
896 2652 956 2687 lin.
988 2656 1064 2688 182:
1103 2655 1252 2699 χαρτῶν
1284 2652 1442 2697 quinque
1473 2652 1666 2689 drachmae
1697 2663 1831 2699 pensae

328 2707 505 2743 dicuntur.
