1979 3326
745 303 1050 344 —143—

146 431 344 480 publice
362 429 615 480 pendendam,
635 432 674 467 et
693 429 870 477 quoniam
893 427 963 465 deo
982 427 1057 464 iam
1077 429 1192 463 antea
1219 428 1351 462 essent
1379 427 1637 470 consecratae,

146 506 223 533 non
241 495 281 532 in
302 495 492 533 aerarium
509 491 703 541 publicum
722 491 906 537 redditas,
927 489 994 527 sed
1013 490 1052 527 in
1080 499 1230 526 sacrum
1256 487 1383 525 illatas
1411 509 1460 514 —
1487 498 1636 535 paucae

149 561 237 596 sunt
263 557 506 606 plerumque,
535 560 638 602 octo,
667 554 849 601 sedecim,
877 554 1010 601 viginti
1037 556 1136 599 tres,
1164 552 1297 599 viginti
1325 555 1471 598 septem
1499 550 1637 588 drach-

147 631 251 667 mae,
288 631 386 668 quae
418 619 491 658 hoc
524 619 674 657 nomine
708 621 967 655 numerantur.
1027 616 1150 654 Multo
1184 615 1365 653 incertior
1398 626 1460 652 res
1495 618 1554 652 est
1591 613 1638 651 de

148 684 225 722 alia
260 683 425 732 quadam
452 693 598 721 summa
625 680 692 717 τοῦ
715 680 929 732 χορηγικοῦ
957 680 1107 718 1101111119
1135 679 1174 716 111
1202 678 1493 725 hieropoeorum
1522 677 1638 715 ratio-

150 747 263 785 nibus
298 747 516 794 perscripta
548 749 663 792 atque
697 744 900 792 quotannis
929 744 1019 781 item
1047 753 1070 779 a
1098 740 1385 789 quaestoribus,
1417 740 1563 778 scilicet
1591 751 1638 777 ex

151 809 301 848 aerario
322 809 489 857 publico,
508 818 645 856 pensa:
674 818 784 855 quam
814 810 958 844 certam
986 804 1104 843 fuisse
1132 808 1247 852 atque
1274 803 1358 851 lege
1387 802 1638 841 constitutam

151 872 333 911 discimus
351 882 429 910 non
448 871 569 909 solum
588 870 689 917 inde,
710 869 812 918 quod
831 880 981 917 semper
1001 868 1131 906 eadem
1159 872 1217 906 est
1245 871 1318 905 486
1334 866 1390 904 dr.
1411 871 1435 904 4
1454 864 1640 913 ob01.‚1²⁴>

151 935 219 974 sed
237 936 359 983 magis
378 935 492 973 etiam
512 933 615 982 quod
641 944 847 981 numquam
875 933 1061 970 omittitur
1089 931 1285 976 articulus,
1313 930 1387 967 nisi
1415 929 1543 976 semel,
1574 929 1639 967 ubi

148 1003 277 1038 tamen
303 999 490 1046 pecuniae
517 998 670 1035 tertiam
698 1000 845 1034 tantum
872 1000 1020 1044 partem
1051 997 1141 1040 (162
1161 993 1216 1031 dr.
1249 993 1322 1035 l¹l3
1351 993 1467 1039 obol.)
1496 993 1639 1030 inveni—

148 1073 231 1099 mus
266 1064 502 1098 numeratam
537 1071 696 1107 eamque
730 1070 806 1097 non
843 1070 864 1096 a
901 1057 1169 1106 quaestoribus
1205 1055 1458 1104 reipublicae,
1495 1055 1563 1093 sed
1591 1054 1639 1093 ab

151 1123 366 1163 hominibus
393 1121 639 1171 privatis.12⁵)
691 1121 801 1160 Hanc
828 1122 1029 1169 pecuniam
1057 1119 1179 1158 credit
1205 1119 1420 1157 Homollius
1448 1118 1519 1156 deo
1547 1130 1639 1166 pen-

149 1199 232 1226 sam
268 1187 473 1236 quotannis
508 1197 531 1224 a
566 1186 736 1228 civitate,
772 1188 815 1222 ut
847 1183 955 1222 festis
985 1182 1212 1231 quibusdam
1241 1181 1480 1228 subveniret,
1509 1182 1574 1229 qui
1601 1182 1639 1218 in

149 1251 291 1299 templo
328 1246 714 1294 celebrabantur3126)
750 1247 816 1285 sed
851 1252 894 1285 ut
934 1247 1078 1284 mittam
1118 1247 1252 1284 miram
1293 1245 1414 1283 videri
1455 1256 1639 1282 summam

148 1317 222 1352 486
246 1313 303 1351 dr.
324 1317 362 1352 et
381 1318 404 1350 4
424 1312 522 1351 obol.
553 1314 657 1358 (num
683 1312 816 1350 civitas
841 1323 917 1349 non
942 1312 1068 1359 potuit
1095 1322 1159 1349 eas
1185 1322 1308 1358 usque
1335 1309 1385 1348 ad
1414 1315 1485 1348 500
1506 1309 1640 1348 drach·

150 1387 232 1414 mas
251 1387 404 1424 augere,
423 1376 484 1413 vel
509 1376 642 1413 saltem
672 1375 802 1413 obolos
831 1374 926 1413 duos
954 1374 1109 1420 addere,
1137 1378 1180 1412 ut
1206 1374 1342 1421 plenus
1371 1373 1640 1411 drachmarum

153 1450 333 1478 numerus
362 1439 599 1485 exsisteret),
626 1442 670 1476 ut
696 1442 843 1476 taceam
877 1437 923 1475 de
959 1438 1144 1485 pecuniae
1178 1437 1291 1475 huius
1325 1438 1445 1485 ipsius
1478 1442 1588 1485 parte
1618 1448 1641 1475 a

152 1503 312 1551 privatis
331 1512 462 1550 pensa,
483 1501 672 1549 quomodo
692 1501 865 1549 expediri
882 1505 1011 1549 pot-est
1031 1500 1248 1547 difficultas,
1271 1512 1368 1549 quae
1387 1501 1476 1538 inde
1505 1501 1640 1547 oritur,

152 1565 266 1613 quod,
288 1565 467 1603 Homollii
494 1565 715 1603 coniectura
743 1565 774 1602 si
801 1575 893 1602 vera
921 1568 1032 1611 esset,
1062 1575 1085 1602 a
1112 1565 1264 1602 civitate
1294 1565 1497 1612 quotannis
1526 1563 1641 1601 dona-

151 1631 259 1666 retur
299 1628 464 1675 pecunia
504 1626 553 1665 ad
593 1626 692 1665 festa
724 1626 955 1665 celebranda
996 1630 1051 1672 (et
1083 1637 1219 1674 magna
1253 1626 1424 1674 quidem,
1461 1628 1638 1674 quoniam

150 1689 266 1741 χοροὶ
299 1689 437 1738 agendi
470 1694 614 1737 erant),
648 1689 746 1728 festa
781 1694 905 1728 autem
940 1701 1016 1727 non
1049 1689 1336 1727 celebrarentur
1371 1712 1421 1716 —
1457 1695 1640 1738 acceptae

151 1754 251 1792 enim
271 1754 456 1801 pecuniae
476 1752 519 1790 fit
545 1753 686 1790 mentio
715 1753 868 1800 saepius
896 1753 936 1789 in
962 1752 1255 1800 hieropoeorum
1282 1753 1507 1800 rationibus,
1535 1754 1641 1791 nulla

155 1815 200 1854 fit
218 1827 379 1864 usquam
399 1827 601 1864 expensae.
647 1815 747 1853 Hinc
766 1820 825 1853 est
844 1814 1161 1863 proficiscendum
1189 1817 1227 1853 in
1256 1827 1374 1854 causa
1401 1817 1639 1865 explicanda,

152 1890 220 1918 cur
245 1879 431 1928 pecuniae
459 1879 555 1918 haec
582 1890 727 1916 summa
754 1878 825 1917 deo
854 1879 903 1916 sit
931 1878 1077 1917 oblata:
1106 1891 1226 1927 pensa
1254 1884 1312 1917 est
1339 1881 1488 1918 aerario
1519 1891 1639 1927 sacro,

149 1953 225 1980 non
244 1954 291 1980 ex
315 1953 358 1980 eo
379 1953 557 1990 expensa.
604 1941 739 1990 Itaque
767 1946 895 1989 potest
923 1953 1006 1980 esse
1034 1942 1094 1979 vel
1122 1941 1221 1980 dono
1250 1942 1340 1981 data
1367 1944 1427 1981 vel
1456 1944 1640 1982 mercedis

154 2005 305 2044 nomine
325 2005 460 2043 soluta.
503 2004 604 2042 Illud
623 2004 774 2053 quidem
794 2016 869 2043 non
891 2009 948 2042 est
976 2005 1178 2043 verisimile
1206 2027 1255 2032 —
1283 2016 1351 2043 cur
1379 2008 1478 2044 enim
1507 2008 1640 2045 civitas

151 2069 356 2116 pecuniam
372 2071 516 2106 tantam
539 2069 742 2116 quotannis
762 2067 834 2106 deo
854 2067 1025 2114 donaret,
1046 2079 1121 2105 non
1141 2066 1318 2117 ἀνάθημα
1339 2069 1506 2107 eiusdem
1527 2071 1640 2118 pretii

152 2129 325 2178 offerret,
362 2134 406 2169 ut
440 2132 665 2180 saepissime
692 2130 776 2168 fieri
804 2130 952 2169 solebat
980 2134 1018 2168 et
1045 2130 1129 2168 aliis
1156 2131 1251 2168 locis
1281 2135 1319 2169 et
1346 2131 1461 2169 Deli‘?
1514 2135 1640 2181 Atque

156 2193 258 2232 unde
281 2194 494 2246 χορηγικοῦ
522 2205 658 2233 nomeu
686 2193 923 2242 accepisset?
969 2194 1142 2231 Alterum
1171 2205 1316 2240 vereor,
1346 2205 1392 2231 ne
1421 2206 1496 2233 non
1522 2197 1640 2244 magis

251 2306 309 2352 1²4)
335 2307 475 2342 Demar.
494 2307 590 2342 arch.
607 2311 674 2342 rat.
692 2306 752 2341 lin.
770 2308 906 2342 32-33
930 2305 1004 2351 (ἐπὶ
1022 2305 1208 2345 Φωκαιέως
1225 2305 1480 2352 Nomen-1⁹05»,
1506 2312 1548 2344 45
1561 2329 1584 2333 —
1597 2311 1641 2344 46

151 2361 224 2408 (ἐπὶ
251 2364 423 2409 Δημάρου
446 2361 697 2409 Ποσιδεῶνος);
722 2364 898 2409 Amphicl.
924 2363 1020 2398 arch.
1046 2369 1111 2398 rat.
1138 2363 1197 2398 lin.
1215 2367 1269 2399 69.
1409 2365 1467 2410 125)
1495 2365 1640 2400 Demar:

148 2420 246 2456 arch.
272 2425 338 2455 rat.
363 2421 424 2456 lin.
447 2424 496 2456 10.
546 2421 710 2456 Ceterum
745 2421 899 2456 occurrit
931 2420 1054 2456 eadem
1088 2421 1177 2456 haec
1210 2422 1318 2456 tertia
1350 2432 1432 2466 pars
1465 2424 1571 2458 etiam
1604 2424 1640 2458 in

151 2478 330 2523 Amphicl.
342 2479 437 2514 arch.
455 2484 521 2514 rat.
538 2479 599 2513 lin.
614 2481 748 2514 42-43
766 2484 801 2513 et
818 2478 996 2513 invenitur
1013 2479 1119 2513 etiam
1138 2484 1239 2513 sexta
1256 2489 1338 2523 pars
1357 2482 1411 2521 (81
1428 2480 1479 2514 dr.
1493 2481 1539 2522 ²f³
1554 2481 1639 2521 ob.):

149 2535 234 2570 ibid.
269 2535 329 2570 1111.
361 2539 416 2572 46.
465 2536 675 2580 Ubicunque
709 2536 745 2571 in
778 2536 880 2571 titulo
911 2536 995 2580 hoc,
1033 2536 1170 2571 lacunis
1208 2537 1414 2581 saepissime
1453 2538 1639 2572 obscurato

150 2597 226 2628 tota
250 2594 427 2630 sententia
442 2599 559 2630 exstat
574 2595 724 2639 integra,
750 2594 907 2630 videmus
933 2605 1072 2639 semper
1092 2597 1284 2640 χορηγιιοῦ
1310 2596 1403 2640 parti
1422 2606 1553 2639 pensae
1579 2595 1639 2629 ad-

151 2649 227 2685 dita
251 2661 328 2686 esse
353 2651 570 2696 privatorum
587 2651 767 2687 hominum
784 2652 943 2687 nomina:
969 2652 1028 2686 lin.
1046 2654 1177 2687 30—31
1205 2672 1249 2677 —
1274 2654 1372 2696 παρὰ
1392 2650 1514 2686 Σώσου
1528 2665 1640 2698 χορη·

149 2708 265 2752 μετόν,
288 2707 348 2742 lin.
373 2711 509 2744 42—43
532 2729 576 2734 ——
597 2712 789 2755 χορηγικοῦ
819 2709 1059 2755 θρασυμήὼγς
1189 2709 1246 2754 ¹⁹⁶)
1272 2710 1363 2744 Bull.
1381 2710 1413 2744 d.
1433 2710 1528 2744 Corr.
1549 2709 1638 2743 Heli.

153 2763 213 2809 u,
236 2774 269 2809 p.
286 2766 340 2800 ⁷5.
