1979 3326
738 324 1020 366 —37-

127 462 199 499 pus
226 452 267 489 in
295 450 458 489 eundem
485 452 651 497 utroque
680 450 764 488 loco
794 449 897 488 cadit
925 449 1038 496 diem,
1069 461 1185 498 quum
1211 450 1372 498 Delphis
1401 451 1538 489 abesse
1566 463 1637 499 per

129 518 210 552 tres
229 517 379 552 tantum
397 524 547 551 menses
568 512 720 551 dicatur
746 517 783 551 et
802 513 926 551 tribus
945 513 1140 551 mensibus
1167 525 1211 551 eo
1230 514 1339 561 prius
1359 515 1501 552 reverti
1521 526 1635 562 quam

127 576 277 615 Delum.
316 576 393 614 Sed
421 576 577 614 maioris
607 577 722 614 etiam
750 576 930 614 momenti
951 587 1064 623 quam
1093 576 1190 614 haec
1218 577 1464 614 ratiocinatio
1494 577 1635 615 debent

125 650 223 687 esse,
252 650 351 687 quae
371 638 615 685 Plutarchus,
644 639 757 677 homo
780 639 812 676 si
833 639 918 687 quis
938 639 1036 676 alius
1065 650 1193 676 rerum
1216 650 1412 677 sacrarum
1441 640 1633 687 inprimis-

122 714 196 751 que
225 701 416 750 Apollinis
443 701 711 750 peritissimus,
740 699 975 745 tradidit³²):
1006 704 1114 738 sexto
1143 700 1414 748 Mum-chionis
1445 701 1505 738 die
1535 701 1634 739 The-

128 776 233 803 seum
254 765 417 803 Athenis
443 763 656 812 profectum
684 765 848 812 primum
869 763 1023 801 Cretam
1045 764 1210 811 venisse,
1237 768 1375 812 postea
1402 765 1478 802 iam
1507 765 1632 802 occiso

129 827 352 866 Minotauro
387 827 525 865 Delum
565 827 761 875 appulisse
799 826 929 874 ibique
965 827 1167 865 sollemnia
1203 828 1371 875 Apollini
1405 828 1632 874 instituisse,

127 891 398 939 Pyanopsione
425 902 517 928 vero
545 901 675 928 mense
703 890 742 927 in
761 890 928 937 patriam
957 889 1118 936 redisse,
1148 890 1251 938 quod
1278 889 1363 928 fieri
1390 891 1496 929 nullo
1517 890 1629 928 modo

127 954 270 1001 potuit,
307 954 340 990 si
372 953 491 992 Hiero
526 965 676 1000 mense,
713 965 788 1001 quo
826 953 989 990 Athenis
1027 954 1141 991 etiam
1176 958 1497 1001 commoraretur,
1533 953 1632 992 festa

121 1016 292 1064 Apollini
328 1020 458 1054 essent
492 1016 705 1054 celebrata:
742 1016 792 1054 sit
826 1027 917 1053 sane
954 1014 1116 1054 conficta
1151 1020 1234 1054 tota
1277 1017 1372 1055 haec
1403 1018 1449 1055 de
1479 1017 1631 1054 Theseo

119 1079 321 1117 Deliorum
340 1079 539 1117 conditore
567 1078 710 1126 fabula,
739 1079 809 1117 tali
836 1079 986 1116 ratione
1008 1077 1097 1116 ficta
1126 1080 1175 1116 sit
1204 1089 1361 1117 necesse
1385 1084 1454 1123 est,
1484 1083 1526 1117 ut
1545 1091 1630 1117 cum

122 1141 322 1180 Deliorum
357 1142 532 1180 omnibus
567 1146 658 1180 noto
692 1146 865 1190 tempore
901 1153 976 1180 non
1011 1147 1212 1190 pugnaret.
1268 1142 1431 1180 Accedit
1463 1142 1630 1190 denique

119 1204 222 1252 quod
260 1204 562 1252 Amphictyones
605 1205 745 1242 atticos
783 1205 977 1252 cognitum
1024 1208 1083 1242 est
1120 1205 1230 1243 nobis
1270 1217 1289 1242 e
1329 1205 1469 1252 lapidis
1508 1204 1629 1242 Sand-

119 1268 295 1306 wicensis
330 1270 442 1315 parte
476 1268 601 1306 altera
628 1279 765 1305 munus
799 1268 896 1305 inire
933 1268 1065 1306 solitos
1096 1268 1394 1316 Scirophorione
1423 1266 1629 1314 mense:33)

118 1342 188 1369 cur
215 1330 290 1369 hoc
317 1331 558 1379 potissimum
590 1335 740 1379 tempus
769 1332 819 1370 sit
853 1332 1036 1378 electum,
1071 1331 1174 1380 quod
1209 1343 1334 1379 neque
1371 1342 1455 1368 cum
1491 1330 1629 1369 deliaci

117 1405 240 1442 neque
268 1405 354 1432 cum
374 1395 481 1432 attici
499 1395 609 1433 initio
630 1396 720 1433 anni
750 1398 991 1443 congrueret,
1021 1396 1163 1442 optime
1184 1395 1413 1442 explicatur,
1443 1395 1475 1432 si
1497 1395 1625 1432 statim

115 1459 206 1505 post
233 1457 434 1496 sollemnia
465 1461 627 1506 peracta
655 1469 787 1496 eorum
816 1458 1018 1506 collegium
1051 1459 1229 1506 sequenti
1257 1458 1420 1496 cessisse
1449 1458 1534 1496 loco
1565 1469 1626 1496 su-

115 1520 264 1558 mimus.

219 1582 456 1623 Dubitabam
497 1584 715 1632 paulisper,
764 1587 943 1622 essentne
986 1583 1225 1632 seiungenda
1266 1584 1483 1630 sollemnia,
1527 1594 1624 1631 quae

116 1648 325 1696 quotannis
353 1659 378 1686 a
405 1647 527 1686 Deliis
555 1647 864 1694 celebrabantur,
895 1659 918 1686 a
946 1647 1298 1696 quinquennalibus
1327 1647 1403 1684 illis
1432 1646 1481 1684 ab
1504 1646 1622 1684 Athe-

115 1709 314 1748 niensibus
355 1711 561 1757 institutis3
611 1710 680 1748 sed
721 1710 920 1749 adversari
961 1710 1052 1748 mihi
1092 1711 1198 1748 visus
1242 1714 1301 1748 est
1341 1709 1503 1760 γέρανος
1545 1710 1622 1757 ille,

117 1783 230 1821 quem
266 1776 304 1810 et
331 1772 505 1811 Theseus
540 1774 776 1821 comitesque
813 1774 894 1811 eius
923 1774 1088 1821 primum
1117 1774 1280 1812 saltasse
1311 1773 1492 1811 dicuntur
1521 1774 1622 1812 ludis

116 1836 156 1873 in
183 1836 350 1884 speciem
377 1836 631 1884 penteteridis
659 1837 801 1875 atticae
830 1835 1003 1875 confictis
1033 1841 1071 1875 et
1099 1837 1314 1885 antiquitus
1343 1837 1418 1874 iam
1439 1836 1622 1875 Deliades

113 1899 155 1936 in
184 1898 432 1936 sollemnibus
461 1899 599 1937 annuis
618 1898 707 1937 Deli
733 1899 898 1937 saltasse
919 1903 1054 1937 auctor
1073 1904 1132 1938 est
1158 1900 1377 1948 rhapsodus
1405 1900 1469 1938 ille
1491 1899 1621 1939 Chius.

113 1960 166 1998 Et
191 1964 297 1999 certe
324 1960 421 1999 haec
457 1971 570 2000 sacra
603 1962 777 2008 saltatio,
811 1973 888 2010 qua
924 1963 1016 2010 quin
1044 1962 1217 2001 Latonae
1253 1964 1330 2001 sint
1364 1964 1617 2011 parturientis

113 2034 266 2062 errores
300 2025 600 2072 repraesentati,
643 2024 800 2063 dubium
836 2037 912 2064 non
950 2030 1026 2073 est,
1061 2025 1259 2064 deterrere
1295 2037 1364 2064 nos
1402 2026 1537 2068 debet,
1574 2039 1621 2065 ne

116 2085 327 2125 audeamus
364 2087 564 2126 sollemnia
596 2088 802 2136 Apollinea
836 2100 920 2127 cum
956 2100 1085 2127 annua
1118 2093 1198 2127 tum
1228 2090 1531 2138 quinquennalia
1564 2103 1621 2129 se-

111 2161 270 2188 cernere
299 2161 323 2188 a
350 2150 424 2197 die,
455 2152 520 2200 qui
549 2152 690 2190 natalis
719 2152 781 2190 dei
810 2151 913 2190 Delii
941 2164 964 2191 a
994 2152 1114 2191 Deliis
1143 2153 1238 2201 ipsis
1268 2152 1495 2191 habebatur.

219 2213 308 2251 Alia
336 2225 428 2253 vero
457 2214 580 2252 oritur
608 2216 803 2263 quaestio,
841 2216 965 2254 sintne
995 2227 1123 2255 annua
1151 2217 1266 2255 etiam
1296 2217 1496 2255 sollemnia
1524 2217 1622 2255 cele-

113 2276 228 2314 brata
254 2280 343 2324 post
369 2277 567 2315 institutos
595 2277 707 2316 ludos
737 2279 1055 2326 quinquennales.
1106 2279 1278 2318 Credunt
1306 2281 1378 2317 viri
1408 2279 1512 2318 docti
1541 2280 1620 2328 ple-

113 2339 225 2387 rique
259 2337 377 2377 fuisse
414 2339 491 2378 duo
519 2339 720 2378 Deliorum
755 2352 915 2388 genera,
950 2343 1099 2381 maiora
1134 2346 1171 2380 et
1204 2344 1372 2390 minora,
1407 2343 1468 2380 usi
1497 2343 1623 2381 Pana-

117 2401 368 2440 thenaeorum
397 2402 585 2451 exemplo,
614 2403 844 2441 testimoniis
872 2415 963 2442 vero
991 2415 1068 2442 non
1096 2408 1174 2442 tam
1202 2404 1395 2452 gravibus,
1417 2409 1459 2442 ut
1487 2409 1621 2443 contra

113 2464 350 2513 Thucydidis
385 2466 655 2504 auctoritatem
686 2467 890 2514 quicquam
918 2467 1092 2514 valeant3
1122 2467 1277 2506 disertis
1307 2468 1406 2505 9111111
1435 2468 1498 2505 1119
1528 2467 1620 2504 dicit

114 2526 242 2565 verbis
288 2525 353 2577 τὴν
399 2527 650 2578 πεντετηρίὸα
691 2540 776 2567 9559
818 2529 1054 2577 appellatam
1102 2541 1179 2569 non
1221 2529 1336 2579 Δήλια
1379 2529 1427 2566 τὰ
1468 2529 1619 2578 μεγάλα

113 2602 239 2640 neque
268 2591 494 2639 simpliciter
522 2590 648 2642 Δήλια,
678 2592 746 2630 sed
775 2591 828 2628 τὰ
856 2591 982 2642 Δήλια,
1017 2615 1054 2619 —
1088 2593 1189 2631 unde
1219 2593 1419 2641 simplicia,
1448 2604 1524 2630 non
1552 2592 1620 2630 du-

113 2652 230 2701 plicia
256 2651 378 2692 fuisse
405 2657 582 2702 apparet,
611 2655 685 2692 nisi
704 2654 980 2702 grammaticae
1002 2666 1164 2704 graecae
1184 2654 1303 2694 fuisse
1325 2656 1459 2694 rudem
1480 2667 1619 2704 arguas

203 2783 248 2830 ³²)
274 2783 457 2820 P1utarch.
483 2784 544 2820 vit.
569 2784 676 2820 Thes.
703 2793 780 2829 cap.
812 2786 860 2820 18.
1003 2785 1050 2828 ³³>
1076 2786 1112 2821 c.
1127 2786 1153 2821 1.
1169 2786 1213 2821 A.
1241 2786 1287 2831 11,
1313 2788 1418 2831 814b,
1444 2786 1503 2821 nn.
1528 2789 1577 2822 16.
