1957 3293
900 305 1204 346 —158—

298 440 427 466 eorum
467 439 613 466 summa
649 440 696 466 ex
733 439 834 466 anno
871 429 910 465 in
945 439 1086 465 annum
1123 440 1198 466 non
1236 428 1369 467 eadem
1406 429 1601 467 manserit.
1668 428 1800 477 Longe

299 492 413 529 aliter
441 503 503 529 res
533 503 573 528 se
602 491 719 529 habet
747 493 785 528 in
814 492 986 539 pecuniis
1015 491 1103 537 illis,
1133 503 1231 538 quae
1258 491 1426 530 secundo
1453 493 1537 530 loco
1557 493 1799 540 perscriptae

299 558 387 590 suut
415 559 453 591 et
481 554 662 592 dicuntur
691 566 883 602 expensae
913 559 979 591 aut
1008 553 1064 595 εἷς
1093 552 1141 590 τὰ
1169 552 1270 590 κατὰ
1297 555 1399 604 μῆνα
1437 559 1505 593 aut
1539 554 1595 597 εἷς
1623 554 1672 592 τὰ
1699 553 1802 591 κατὰ

299 615 525 665 ψηφάγματα
553 639 602 643 -
632 621 805 664 sumptus
835 622 923 654 sunt
953 616 1157 662 ordinarii,
1187 617 1226 653 hi
1255 617 1336 664 lege
1366 618 1480 655 etiam
1509 621 1548 655 et
1575 618 1708 666 populi
1738 617 1803 655 de-

297 679 413 716 cretis
442 678 606 725 defiuiti,
643 684 685 716 ut
713 679 848 716 titulus
878 680 961 726 ipse
991 678 1122 725 docet,
1151 679 1207 716 illi
1236 691 1307 716 usu
1336 684 1441 718 certe
1471 681 1614 728 sancti,
1650 691 1735 718 cum
1763 680 1802 717 in

298 740 489 779 sacrificia
523 746 736 787 menstrua,
775 753 873 789 quae
912 740 1045 779 eadem
1085 741 1311 788 manebant,
1353 741 1487 780 eadem
1524 754 1677 790 semper
1710 753 1803 790 pen-

298 803 425 841 denda
452 809 555 842 esset
582 806 756 851 pecunia.
805 804 916 850 Quod
946 816 1035 842 vero
1065 809 1124 842 est
1152 805 1432 852 gravissimum,
1471 810 1509 843 et
1537 816 1684 844 summa
1711 816 1803 843 una-

298 878 474 914 quaeque
504 878 675 914 expensa
703 872 762 904 est
791 879 904 915 quam
933 868 1089 905 minima
1118 872 1156 905 et
1190 879 1371 905 numerus
1405 868 1632 916 pensionum
1670 869 1797 916 singu-

297 928 419 966 larum
455 951 504 956 -
541 941 654 977 quam
684 931 888 968 maximus:
925 942 1001 978 qua
1029 943 1069 968 re
1097 930 1230 977 fiebat,
1265 935 1308 968 ut
1335 930 1382 968 de
1417 931 1601 979 impensis
1636 930 1802 978 singulis

300 991 485 1029 faciendis
513 993 696 1040 populum
725 1004 863 1040 rogare
893 998 931 1030 et
959 994 1020 1030 vix
1049 1004 1206 1030 necesse
1243 997 1346 1031 esset
1373 994 1411 1030 in
1439 997 1518 1031 tam
1546 993 1698 1041 parvis,
1736 1004 1801 1030 ne-

300 1065 373 1101 que
404 1055 498 1092 satis
527 1054 764 1092 commodum
793 1056 832 1093 in
867 1060 944 1093 tam
979 1055 1125 1093 crebris
1161 1077 1211 1082 —
1247 1055 1448 1093 ridiculum
1486 1067 1577 1094 sane
1613 1060 1735 1102 esset,
1770 1056 1803 1093 si

298 1116 506 1164 hieropoei,
537 1121 579 1154 ut
607 1117 704 1155 duas
733 1118 792 1155 vel
820 1122 898 1155 tres
926 1117 1127 1156 drachmas
1149 1117 1424 1166 expenderent,
1459 1119 1650 1156 interdum
1671 1118 1804 1156 obolos

299 1184 493 1226 quattuor,
524 1181 706 1227 populum
736 1180 934 1218 Deliorum
964 1182 1002 1218 in
1031 1182 1247 1218 contionem
1276 1181 1541 1228 advocassent,
1575 1181 1800 1219 archontem

298 1247 559 1290 prytanesque
588 1243 825 1281 sollemniter
859 1243 909 1281 ad
943 1254 1072 1281 arcam
1107 1243 1354 1291 aperiendam
1389 1244 1427 1280 in
1463 1244 1646 1292 templum
1681 1242 1802 1282 addu—

298 1305 456 1342 xissent.
518 1305 632 1343 Patet
660 1307 735 1343 iam
765 1307 958 1343 sententia
987 1317 1086 1343 mea:
1122 1317 1206 1344 cum
1235 1306 1420 1353 pecuniae
1450 1305 1497 1344 ad
1528 1310 1702 1354 sumptus
1737 1317 1802 1344 ex-

297 1367 576 1406 traordinarios
614 1371 775 1416 (opera,
811 1367 942 1404 ὃανεῖα
977 1373 1065 1408 etc.)
1110 1380 1253 1417 eosque
1294 1369 1459 1407 maiores
1502 1367 1700 1407 faciendos
1738 1380 1803 1406 ne-

299 1431 490 1468 cessariae
520 1443 566 1468 ex
595 1442 687 1469 arca
716 1442 828 1469 sacra
857 1432 1011 1469 occlusa
1039 1431 1330 1469 desumerentur
1363 1436 1480 1480 atque
1515 1432 1688 1480 expromi
1723 1442 1800 1469 non

299 1498 460 1541 possent
488 1494 562 1530 nisi
590 1495 696 1531 iussu
724 1494 857 1541 populi
887 1505 1015 1531 coram
1045 1495 1202 1531 summis
1230 1495 1399 1533 civitatis
1420 1494 1720 1542 magistratibus,
1750 1493 1801 1532 ad

299 1556 437 1593 multas
466 1557 659 1603 impensas
689 1556 906 1594 ordinarias
935 1556 994 1593 vel
1033 1556 1297 1603 quotidianas,
1332 1562 1375 1594 ut
1410 1557 1465 1595 ita
1498 1556 1641 1604 dicam,
1679 1557 1804 1594 hiero-

299 1620 407 1666 poeis
434 1620 624 1666 pecuniae
655 1620 843 1667 quaedam
873 1631 1020 1657 summa
1050 1618 1307 1666 permittenda
1335 1624 1437 1666 erat,
1474 1619 1574 1657 unde
1611 1619 1804 1657 solverent

300 1693 376 1719 non
405 1686 541 1728 aperta
568 1693 676 1727 arca,
705 1682 753 1719 ad
783 1682 881 1719 hanc
909 1694 988 1719 rem
1018 1682 1165 1720 reditus
1193 1693 1341 1719 annuos
1367 1693 1391 1720 a
1418 1693 1459 1719 se
1478 1685 1684 1729 perceptos
1710 1686 1803 1727 (non

299 1745 397 1786 illos,
428 1756 524 1792 quos
553 1749 780 1791 quaestores
810 1744 965 1782 tradere
996 1744 1187 1786 solebant)
1217 1747 1327 1782 extra
1353 1755 1483 1782 arcam
1508 1755 1709 1782 asservare
1729 1756 1800 1792 per

301 1812 424 1845 totum
454 1808 624 1845 muneris
653 1812 804 1855 tempus
833 1813 949 1856 atque
977 1807 1065 1845 inde
1101 1809 1294 1855 impensas
1331 1807 1548 1846 ordinarias
1583 1807 1711 1846 facere
1751 1807 1806 1844 eis

301 1869 463 1916 licebat,
494 1883 568 1918 quo
599 1871 682 1908 iure
711 1882 863 1917 semper
892 1882 956 1908 eos
988 1881 1077 1908 usos
1106 1870 1278 1907 videmus
1313 1891 1363 1897 —
1398 1870 1486 1907 hinc
1514 1870 1688 1918 duplices
1716 1869 1806 1907 illae

303 1937 341 1969 et
367 1937 613 1980 acceptarum
641 1937 676 1970 et
699 1944 953 1980 expensarum
975 1933 1144 1970 rationes
1163 1933 1413 1979 pecuniarum
1434 1932 1688 1980 explicantur,
1716 1931 1807 1969 hinc

301 1995 416 2031 etiam
446 1995 699 2042 intellegitur,
729 1994 831 2042 quod
851 1994 964 2032 aliter
993 1993 1168 2041 expediri
1190 1994 1294 2032 nullo
1322 1993 1434 2031 modo
1453 1997 1595 2041 potest,
1623 2004 1693 2032 cur
1720 2004 1804 2032 sae-

300 2057 457 2104 pissime
485 2061 632 2094 tantum
664 2055 706 2092 τὺ
743 2057 904 2106 περιὸν
934 2056 999 2092 τοῦ
1028 2054 1275 2107 πραχθέντος
1301 2053 1492 2103 ἐνοικίων,
1527 2055 1649 2092 τελῶν
1677 2060 1748 2094 etc.
1781 2067 1806 2094 a

302 2120 500 2166 superiore
529 2119 690 2166 collegio
720 2119 916 2166 hieropoei
946 2119 1172 2166 scripserint
1200 2130 1240 2156 se
1261 2119 1470 2166 accepisse,
1499 2130 1575 2156 non
1601 2119 1801 2157 universas

301 2181 553 2227 locationum,
589 2192 810 2226 usurarum,
845 2181 1089 2228 vectigalium
1126 2191 1292 2218 summas
1326 2202 1376 2208 —
1412 2180 1677 2229 expenderant
1705 2182 1806 2219 enim

301 2247 449 2290 partem
479 2244 552 2281 iam
582 2243 748 2290 aliquam
779 2254 836 2289 ea,
865 2255 942 2291 qua
970 2243 1049 2280 dixi
1075 2243 1237 2289 ratione,
1266 2254 1337 2290 per
1364 2243 1532 2280 muneris
1560 2243 1620 2281 sui
1639 2246 1803 2291 tempus.

302 2305 388 2342 Non
409 2305 537 2344 obstat
557 2307 771 2343 sententiae
792 2317 911 2352 meae,
939 2305 1040 2353 quod
1060 2316 1152 2352 pars
1173 2305 1362 2352 quaedam
1382 2305 1573 2344 redituum
1593 2316 1807 2344 annuorum

303 2390 351 2396 —
386 2367 425 2405 id
454 2369 555 2416 quod
586 2381 704 2416 supra
732 2370 804 2406 iam
842 2369 921 2406 dixi
957 2391 1007 2395 —
1041 2369 1125 2416 ipso
1161 2368 1234 2406 hoc
1263 2368 1439 2406 Demaris
1475 2368 1671 2406 archontis
1705 2379 1807 2406 anno

302 2435 488 2479 percepta
517 2432 643 2468 statim
672 2431 720 2468 ab
742 2431 1034 2478 hieropoeorum
1055 2431 1226 2478 collegio.
1258 2430 1361 2478 quod
1382 2441 1540 2468 munere
1560 2429 1804 2478 fungebatur,

303 2494 341 2530 in
370 2503 499 2530 arcam
528 2504 676 2530 sacram
705 2493 811 2530 illata
841 2493 1001 2530 dicitur:
1031 2504 1097 2530 aes
1117 2493 1284 2530 alienum
1304 2503 1523 2540 usuraeque
1544 2491 1593 2530 ab
1613 2491 1806 2530 Hermone

305 2555 455 2593 Solonis
485 2553 508 2591 s.
539 2558 577 2591 et
605 2566 628 2592 a
657 2555 824 2592 Pachete
854 2555 1039 2602 Diogenis
1068 2553 1090 2591 f.
1123 2566 1276 2601 pensae.
1340 2554 1439 2593 Nam
1474 2554 1569 2593 haec
1603 2554 1680 2592 alio
1714 2565 1808 2603 quo-

305 2629 378 2665 que
411 2618 494 2655 loco
533 2617 717 2654 habemus
752 2622 1048 2656 commemorata
1084 2619 1184 2656 inter
1226 2618 1373 2656 reditus
1414 2616 1621 2661 annuos⁵¹)
1665 2616 1807 2656 additis

397 2746 441 2790 ²¹)
467 2745 616 2780 Collatis
642 2745 784 2780 Demar.
811 2746 908 2779 arch.
935 2751 1000 2780 rat.
1027 2746 1086 2780 lin.
1104 2749 1143 2780 51
1173 2751 1209 2780 et
1231 2749 1292 2782 178
1317 2756 1386 2780 non
1412 2751 1547 2781 temere
1571 2745 1659 2780 mihi
1685 2745 1807 2781 videor
