1957 3293
890 307 1195 347 —102-

295 432 381 471 dam
411 431 555 478 navali,
589 443 666 480 qua
693 431 832 470 Rhodii
862 431 1022 469 classem
1054 432 1136 469 eius
1164 432 1355 469 vicissent.
1411 432 1572 480 Quoquo
1600 429 1713 469 modo
1740 428 1787 468 de

296 495 367 532 fide
396 495 580 542 Polyaeni
609 494 851 532 iudicandum
884 498 959 540 est,
995 494 1089 532 haec
1124 494 1276 542 quidem
1305 506 1366 532 res
1394 494 1609 532 confirmari
1637 493 1788 531 videtur

297 570 371 596 non
409 558 529 595 solum
565 558 736 595 oratione
773 569 795 595 a
833 557 1065 595 Rhodiorum
1104 558 1242 604 legatis
1272 557 1415 595 Romae
1450 557 1582 596 habita
1616 557 1662 595 de
1696 557 1788 595 ami-

300 621 401 667 citia,
431 632 507 668 qua
533 631 616 658 cum
647 620 806 658 Seleuco
837 620 1022 663 (secundo
1052 620 1212 661 scilicet›
1241 621 1466 658 coniunctae
1495 619 1692 667 essent,⁸⁷)
1721 619 1788 658 sed

297 685 409 721 etiam
440 684 705 731 Agathostrati
735 683 874 721 Rhodii
910 684 1081 729 nomine3
1116 694 1201 721 nam
1237 694 1347 730 quem
1384 687 1512 720 statua
1540 682 1627 720 Deli
1661 683 1790 730 posita

297 747 345 785 ab
375 747 636 785 insulanorum
666 748 849 784 societate
879 747 1104 784 honoratum
1126 758 1208 784 esse
1234 750 1383 783 constat
1402 744 1787 793 Agathostratum,³⁸)

298 809 458 847 eundem
475 821 558 847 esse
578 814 694 857 atque
714 808 947 846 nauarchum
964 809 1080 855 illum,
1098 819 1208 856 quem
1226 808 1441 856 Polyaenus
1461 808 1621 846 classem
1638 808 1788 856 Aegyp-

295 873 387 910 tiam
416 873 552 910 vicisse
581 877 716 910 auctor
745 877 821 918 est,
857 871 1059 909 admodum
1098 873 1216 910 miror
1244 872 1430 909 neminem
1459 870 1787 910 animadvertisse.

297 935 387 973 Post
415 945 546 983 pacem
576 939 702 972 autem
737 946 836 972 anno
867 939 939 972 239
975 935 1127 972 circiter
1162 934 1209 971 ab
1239 934 1434 982 Euergeta
1467 945 1552 972 cum
1579 933 1715 982 Syriae
1750 937 1789 972 et
1839 968 1842 971 .

296 997 547 1036 Macedoniae
577 997 730 1045 regibus
750 996 887 1035 factam
909 1001 1011 1035 certe
1035 997 1200 1035 insulani
1221 1008 1304 1035 cum
1334 1009 1378 1035 eo
1407 998 1446 1035 in
1474 999 1636 1046 gratiam
1664 997 1786 1036 redie-

298 1067 402 1100 runt:
441 1062 564 1109 patris
593 1062 690 1098 enim
722 1061 935 1108 exemplum
965 1064 1119 1098 secutus
1148 1061 1295 1108 magnis
1323 1060 1433 1098 donis
1461 1060 1643 1108 templum
1671 1059 1789 1098 delia-

297 1136 381 1162 cum
411 1125 671 1172 locupletavit.
727 1124 888 1161 Videtur
922 1128 1048 1162 tamen
1077 1124 1115 1160 in
1144 1123 1268 1161 altera
1301 1124 1408 1171 regui
1443 1124 1502 1161 sui
1529 1127 1639 1172 parte
1669 1123 1789 1171 magis

296 1189 492 1235 magisque
533 1187 592 1224 vel
632 1186 815 1234 depulsus
854 1198 937 1224 esse
979 1187 1152 1234 potentia
1184 1191 1348 1234 paterna
1387 1186 1435 1224 ab
1476 1186 1669 1234 Antigono
1712 1185 1788 1224 Do-

298 1263 389 1289 sone
418 1251 476 1288 vel
505 1251 606 1289 ultro
635 1251 801 1289 animum
836 1261 859 1288 a
890 1250 1004 1288 rebus
1033 1249 1268 1288 Graecorum
1301 1250 1505 1296 avertisse,
1540 1249 1628 1287 dum
1661 1259 1790 1297 pugna

298 1313 347 1352 ad
390 1313 589 1352 Sellasiam
632 1312 734 1352 facta
774 1316 894 1359 (222)
937 1313 1047 1351 simul
1089 1324 1172 1351 cum
1215 1312 1429 1351 Cleomenis
1475 1313 1577 1361 regis
1617 1313 1790 1360 potentia

297 1377 573 1424 Aegyptiorum
603 1377 813 1414 auctoritas
842 1377 880 1413 in
907 1375 1071 1414 Graecia
1100 1375 1226 1414 deleta
1254 1379 1321 1414 est.
1364 1376 1492 1424 Atque
1520 1374 1607 1413 Deli
1635 1374 1789 1423 quidem

297 1440 415 1477 multo
445 1441 570 1478 rarius
605 1451 742 1477 nomen
779 1440 860 1478 eius
889 1450 1090 1477 occurrere
1128 1439 1280 1477 videtur
1315 1450 1427 1487 quarn
1454 1437 1716 1486 Philadelphi:
1749 1438 1788 1475 in

297 1503 510 1540 inventario
545 1507 647 1540 certe
682 1503 848 1541 Demare
884 1502 1066 1541 archonte
1101 1504 1244 1550 scripto
1287 1503 1403 1540 semel
1436 1506 1584 1540 tantum
1618 1501 1789 1550 appella-

298 1565 430 1612 tur,⁴¹¹›
467 1577 551 1603 cum
580 1569 691 1613 pater
719 1565 846 1603 decies
875 1566 1005 1603 novies
1035 1564 1326 1613 nominetur3⁴²)
1360 1570 1511 1603 statuae
1539 1567 1578 1604 in
1607 1565 1789 1603 honorem

298 1630 379 1666 eius
409 1629 456 1666 ab
485 1629 670 1666 insulanis
690 1629 838 1676 positae
866 1628 968 1676 quod
995 1629 1139 1666 nullum
1163 1629 1302 1666 mansit
1330 1629 1543 1676 vestigium,
1571 1639 1657 1667 cum
1685 1628 1790 1666 basis

298 1696 452 1729 servata
481 1693 531 1729 sit
567 1696 717 1729 statuae
751 1690 1006 1739 paternae,⁴³)
1043 1693 1148 1729 casui
1172 1686 1280 1729 'illud
1317 1691 1470 1740 quidem
1503 1691 1622 1729 tribui
1649 1694 1790 1739 potest,

298 1754 365 1792 sed
393 1766 468 1792 non
497 1755 620 1791 minus
655 1753 765 1792 facile
800 1754 887 1792 inde
922 1755 1111 1792 conicitur
1145 1758 1292 1802 patrem
1320 1755 1463 1793 maiore
1498 1755 1692 1802 signorum
1721 1765 1787 1792 nu-

298 1829 401 1855 mero
431 1817 548 1855 fuisse
577 1818 815 1855 honoratum.
861 1817 955 1856 Post
982 1818 1085 1855 tertii
1114 1821 1240 1856 autem
1261 1817 1473 1856 Ptolemaei
1498 1821 1657 1856 mortem
1685 1817 1791 1855 nulla

297 1881 376 1919 fere
412 1882 485 1918 iam
523 1879 564 1917 fit
597 1882 739 1919 mentio
774 1893 903 1929 regum
940 1882 1124 1930 Aegypti,
1167 1881 1345 1930 quodque
1383 1883 1502 1930 magis
1538 1881 1790 1920 admiratione

298 1944 451 1991 dignum
481 1948 556 1990 est,
594 1944 712 1982 multo
749 1946 874 1982 rarius
905 1945 1017 1983 etiam
1049 1944 1189 1983 Rhodii
1225 1948 1263 1982 et
1291 1944 1360 1982 Coi
1389 1945 1427 1982 in
1464 1944 1691 1983 donatorum
1719 1955 1790 1982 nu·

296 2019 400 2045 mero
438 2007 700 2055 appellantur,
741 2010 805 2056 qui
847 2009 971 2046 medio
1008 2009 1160 2047 saeculo
1196 2009 1459 2047 insulanorum
1499 2009 1682 2047 societate
1723 2006 1790 2046 flo—

298 2074 404 2108 rente
435 2082 508 2108 non
538 2071 660 2108 minus
689 2071 843 2109 assidue
873 2071 1051 2110 videntur
1080 2072 1296 2120 Apollinem
1326 2071 1495 2119 Delium,
1531 2070 1697 2110 foederis
1724 2081 1791 2119 pa-

298 2139 468 2179 tronum,
510 2134 674 2172 coluisse
711 2145 822 2182 quam
860 2134 1105 2173 Ptolemaeus
1141 2134 1433 2182 Philadelphus:
1476 2135 1515 2172 in
1556 2133 1791 2173 Sosisthenis

297 2197 386 2234 anni
424 2200 530 2242 (250)
566 2197 782 2235 rationibus
818 2202 915 2235 teste.
952 2197 1198 2243 Homollioss)
1237 2197 1376 2236 Rhodii
1412 2198 1530 2236 octies
1564 2196 1690 2236 decies
1725 2207 1791 2244 ap-

297 2259 510 2307 pellantur,
549 2259 713 2298 Demare
750 2261 932 2298 archonte
971 2264 1077 2306 (180)
1114 2260 1188 2299 duo
1223 2260 1483 2299 tantummodo
1517 2258 1791 2306 occurrunt,⁴³)

300 2328 336 2361 et
372 2324 510 2371 privati
553 2324 684 2370 ambo,
728 2335 887 2372 quorum
925 2325 1022 2362 alter
1056 2324 1204 2372 phiala,
1241 2325 1349 2362 cuius
1390 2323 1539 2372 pondus
1580 2334 1656 2362 non
1696 2321 1791 2360 indi-

298 2391 425 2432 catur,
467 2387 564 2424 alter
605 2398 747 2425 corona
789 2398 908 2425 aurea
944 2388 1058 2424 trium
1106 2387 1373 2425 drachmarum
1415 2386 1526 2425 deum
1568 2386 1790 2425 donaverat.

299 2449 554 2496 Quamobrem
585 2461 658 2487 non
688 2455 831 2488 temere
860 2450 950 2488 mihi
981 2450 1112 2489 videor
1142 2450 1373 2488 contendere
1402 2450 1476 2488 iam
1497 2449 1686 2497 Antigono
1715 2448 1792 2487 Do-

304 2524 395 2550 sone
424 2517 627 2560 regnante,
664 2514 727 2561 qui
757 2514 884 2550 multis
915 2513 1026 2551 donis
1054 2513 1236 2562 templum
1265 2512 1522 2561 locupletasse
1550 2511 1708 2559 dicitur,
1736 2512 1792 2549 in-

389 2655 437 2694 39)
462 2653 584 2698 Polyb.
611 2653 742 2698 XXXI,
768 2656 799 2690 7.
949 2656 996 2698 ⁴0)
1024 2655 1059 2689 C.
1077 2655 1101 2689 Ι.
1118 2654 1159 2689 G.
1185 2657 1274 2689 2283
1299 2664 1327 2689 c.
1353 2653 1433 2689 add.
1576 2654 1624 2696 ⁴¹)
1649 2652 1791 2689 Demar.

299 2710 394 2747 arch.
422 2711 489 2746 inv.
517 2711 576 2745 lin.
603 2715 656 2746 54.
767 2712 814 2755 ⁴²)
839 2712 908 2746 Cfr.
936 2718 1006 2746 not.
1032 2714 1084 2747 27.
1191 2712 1237 2755 ⁴³)
1263 2712 1299 2747 C.
1316 2711 1341 2746 1.
1356 2711 1398 2746 G.
1423 2712 1522 2747 2273.
1626 2713 1674 2756 ⁴⁴)
1698 2711 1791 2747 Bull.

299 2771 330 2805 d.
358 2771 455 2804 Corr.
482 2768 574 2803 nell.
602 2769 660 2813 VI,
688 2781 720 2814 p.
745 2772 806 2805 165
832 2776 902 2804 not.
920 2773 950 2805 5.
1059 2771 1106 2812 ⁴⁵)
1132 2769 1272 2804 Demar.
1299 2769 1395 2804 arch.
1422 2768 1489 2804 inv.
1516 2768 1576 2804 lin.
1601 2771 1646 2805 94
1662 2774 1699 2804 et
1721 2771 1793 2806 107·
