1957 3326
948 282 1225 322 -82-

344 404 493 456 ἄγκυρα
514 405 650 456 σιδηρᾶ
671 410 708 444 et
728 404 842 456 λέβης
859 404 1061 455 κατεαγώς
1080 409 1340 452 recensentur,
1350 405 1414 450 ¹⁰⁴)
1435 417 1533 454 quae
1553 406 1679 444 omnia
1700 405 1831 445 eodem

346 469 456 507 modo
485 470 522 506 in
552 470 691 507 nostris
727 480 878 516 quoque
914 467 1135 515 fragmentis
1163 472 1346 515 quattuor
1373 472 1579 506 occurrunt
1611 468 1649 506 in
1687 466 1834 512 Ναξίων

343 529 448 580 οἴκῳ.
503 531 637 580 Neque
665 532 727 569 hic
756 531 959 569 thesaurus
990 535 1077 578 post
1106 542 1278 568 eversum
1307 530 1596 568 Atheniensium
1633 531 1831 578 imperium

344 595 513 642 quamvis
542 606 702 642 perraro
734 595 960 639 nominetur,
996 604 1154 641 prorsus
1183 594 1354 638 evanuit;
1390 604 1435 630 ex
1464 593 1699 640 Agatharchi
1734 594 1832 631 enim

344 658 538 695 archontis
559 658 773 695 inventario
794 657 1055 704 cognoscimus
1076 655 1194 693 fuisse
1215 656 1266 693 ibi
1287 660 1484 694 asservata
1502 657 1624 704 tigilla
1651 668 1833 704 quernea,

343 724 386 756 ut
419 723 590 766 tempore
627 718 804 756 Charilae
839 718 1034 756 archontis
1069 719 1107 755 in
1144 717 1339 755 Deliorum
1376 715 1557 767 οἴκῳ,105)
1593 730 1705 767 quem
1740 730 1833 757 cave

344 781 554 820 confundas
583 793 666 819 cum
696 781 837 829 templo
867 781 1081 818 Deliorum:
1117 792 1191 817 non
1228 781 1325 817 enim
1357 780 1561 819 thesaurus
1589 785 1694 828 erat,
1723 793 1833 830 quem

345 847 418 883 iam
448 845 526 882 dixi
556 845 699 882 nullum
737 856 902 892 unquam
937 845 1117 892 populum
1155 855 1223 881 suo
1259 844 1378 890 ipsius
1414 842 1501 881 fano
1536 843 1756 882 adiunxisse
1786 845 1833 890 (si

346 908 452 946 locus
489 907 605 945 rebus
640 908 767 945 aureis
802 908 1069 955 argenteisque
1105 908 1141 944 in
1177 907 1318 953 templo
1356 917 1431 943 non
1467 905 1697 950 sufficiebat,
1731 907 1833 945 aliud

343 972 465 1008 maius
495 969 688 1008 aedificari
710 970 886 1017 solebat),
917 970 983 1008 sed
1004 970 1352 1014 armamentarium,
1381 969 1419 1006 in
1449 980 1523 1017 quo
1542 970 1832 1008 instrumentum

344 1033 393 1072 ad
413 1032 585 1072 aedificia
614 1033 815 1071 sarcienda
835 1034 1091 1072 necessarium
1113 1033 1340 1070 servabatur
1368 1054 1416 1059 —
1444 1033 1483 1069 in
1502 1032 1644 1080 templo
1664 1031 1834 1070 videmus

343 1097 469 1143 magni
498 1097 611 1143 pretii
641 1107 802 1134 coronas
830 1102 1060 1134 asservatas.
1089 1097 1126 1132 in
1156 1094 1298 1144 Δηλίων
1325 1091 1421 1144 οἴκῳ
1448 1116 1497 1121 -
1524 1094 1648 1143 tigilla
1674 1098 1832 1133 tantum.

342 1159 553 1197 Naxiorum
582 1170 671 1196 vero
703 1164 741 1197 et
761 1159 989 1196 Andriorum
1018 1155 1114 1194 οἶκοι
1142 1179 1191 1184 -
1219 1169 1305 1195 nam
1333 1156 1433 1194 hunc
1461 1168 1614 1205 quoque
1642 1158 1716 1195 iam
1745 1162 1834 1196 ante

342 1222 486 1260 liberae
515 1221 750 1269 reipublicae
770 1225 919 1268 tempus
940 1218 1182 1258 aedificatum
1212 1218 1326 1256 credo
1355 1239 1405 1244 —
1432 1229 1521 1256 vere
1549 1217 1727 1256 videntur
1753 1219 1834 1257 the-

342 1285 446 1322 sauri
476 1284 613 1327 fuisse,
651 1283 698 1321 ab
727 1283 801 1320 illis
834 1284 928 1331 ipsis
956 1282 1192 1328 civitatibus,
1230 1293 1253 1319 a
1281 1281 1419 1329 quibus
1447 1281 1602 1319 nomina
1628 1281 1834 1328 habebant,

344 1347 459 1385 dicati
489 1347 559 1384 deo
581 1346 692 1384 Delio
712 1346 761 1384 ad
781 1345 1016 1383 asservanda
1038 1356 1167 1383 eorum
1189 1344 1289 1382 dona
1317 1348 1488 1392 tempore
1516 1344 1594 1390 illo,
1623 1355 1699 1392 quo
1722 1344 1834 1383 Athe-

344 1411 494 1448 nienses
516 1410 737 1458 panegyrim
759 1409 955 1447 Deliacam
976 1409 1024 1446 ad
1045 1408 1330 1446 similitudinem
1351 1407 1656 1456 amphictyoniae
1671 1407 1834 1456 Pythiae

342 1478 408 1510 aut
435 1473 597 1520 primum
635 1474 766 1520 quinto
804 1473 957 1510 saeculo
991 1473 1224 1510 constituere
1254 1476 1321 1509 aut
1349 1475 1485 1519 quarto
1515 1469 1640 1509 denuo
1668 1470 1836 1509 redinte-

343 1546 455 1582 grare
484 1535 610 1572 conati
646 1539 750 1580 sunt3
786 1534 852 1572 sed
887 1538 1090 1582 postquam
1125 1534 1183 1570 vel
1220 1533 1370 1570 illorum
1405 1532 1590 1581 regnandi
1625 1533 1835 1581 cupiditate

343 1599 402 1635 vel
431 1609 633 1646 parvarum
670 1598 864 1635 civitatum
901 1596 1044 1635 invidia
1078 1602 1194 1644 atque
1230 1597 1381 1643 ignavia
1414 1595 1564 1639 (officiis
1593 1597 1691 1634 enim
1720 1596 1835 1634 Athe-

343 1662 531 1698 niensium
560 1662 613 1698 uti
643 1672 772 1698 omnes
807 1659 1034 1707 cupiebant,
1071 1659 1240 1706 pecuniis
1276 1669 1340 1696 eos
1368 1658 1549 1696 adiuvare
1587 1661 1654 1696 aut
1681 1658 1832 1696 labores

341 1725 532 1761 sustinere
561 1736 630 1772 pro
659 1734 776 1762 causa
796 1724 982 1761 communi
1012 1723 1133 1759 minus
1154 1721 1348 1769 placebat)
1377 1720 1518 1759 factum
1549 1725 1617 1761 est.
1647 1727 1690 1758 ut
1717 1721 1831 1769 legati

346 1798 474 1825 earum
506 1799 524 1824 e
554 1787 714 1824 concilio
744 1786 1045 1834 amphictyonico
1067 1785 1295 1823 decederent
1315 1788 1430 1832 atque
1459 1788 1542 1823 tota
1569 1795 1693 1822 rerum
1714 1784 1831 1832 Apol-

345 1850 432 1887 linis
463 1850 743 1887 administratio
773 1849 821 1887 ad
851 1849 1103 1887 Athenienses
1133 1848 1233 1885 solos
1263 1847 1476 1893 deveniret,
1505 1857 1580 1884 non
1609 1847 1684 1884 iam
1713 1847 1834 1885 socio-

344 1924 426 1950 rum
456 1913 642 1950 intererat
669 1913 864 1960 templum,
894 1913 1001 1949 cuius
1027 1912 1235 1959 participes
1256 1921 1330 1948 non
1359 1913 1498 1956 essent,
1529 1910 1608 1947 suis
1636 1909 1746 1947 donis
1774 1921 1834 1948 or·

341 1987 434 2013 nare
465 1980 503 2013 et
529 1975 783 2023 locupletare3
819 1987 958 2013 vacuos
994 1975 1111 2022 igitur
1145 1973 1224 2011 fere
1260 1972 1373 2010 credo
1409 1973 1595 2011 mansisse
1633 1972 1834 2011 thesauros

342 2039 430 2085 hos,
473 2038 560 2075 dum
602 2038 775 2076 fanorum
812 2037 1141 2074 administratores
1179 2035 1481 2083 (amphictyones
1515 2035 1678 2082 primum
1712 2035 1833 2082 attici,

343 2101 480 2139 deinde
519 2102 712 2148 hieropoei
742 2100 906 2143 Deliaci)
943 2099 1129 2147 angustiis
1164 2098 1332 2136 locorum
1367 2098 1489 2136 coacti
1526 2097 1571 2134 iis
1605 2109 1677 2145 pro
1711 2108 1832 2135 arma-

340 2165 539 2201 mentariis
567 2164 622 2200 uti
652 2166 872 2211 coeperunt,
902 2163 939 2199 in
969 2161 1106 2210 quibus
1127 2173 1188 2199 res
1208 2172 1347 2199 aeneas
1375 2161 1560 2208 aliasque,
1589 2164 1631 2198 ut
1658 2159 1832 2206 vidimus,

340 2227 496 2264 minoris
525 2227 639 2274 pretii
668 2226 915 2274 deponerent.
928 2224 992 2269 ¹⁰⁶)

438 2390 495 2434 ¹⁰⁴)
522 2388 662 2422 Demar.
690 2387 758 2420 inv.
785 2386 844 2420 lin.
876 2388 948 2430 167,
980 2388 1050 2429 168,
1083 2386 1158 2419 170;
1184 2384 1277 2419 Bull.
1304 2383 1336 2418 d.
1363 2384 1460 2418 Corr.
1486 2380 1657 2426 Hell.V1,
1681 2383 1785 2426 p.47.

433 2447 491 2489 ¹⁰⁵)
517 2444 608 2479 Bull.
634 2443 665 2478 d.
692 2444 789 2478 Corr.
816 2443 907 2478 Hell.
934 2443 994 2486 VI,
1022 2454 1054 2487 p.
1080 2445 1134 2485 88,
1161 2447 1230 2476 not.
1263 2446 1287 2476 l.

433 2504 489 2547 ¹⁰⁶)
521 2502 559 2536 ln
593 2501 663 2535 illis
696 2500 983 2545 amphictyonum
1021 2499 1297 2534 inventariorum
1331 2497 1559 2542 fragmentis,
1596 2497 1655 2532 ubi
1690 2493 1830 2534 Ναξίων

336 2560 433 2595 οἴκου
461 2559 501 2594 fit
526 2559 668 2602 mentio,
693 2563 986 2592 commemoratur
1012 2557 1118 2591 etiam
1147 2556 1340 2601 νεωκόριον
1368 2555 1420 2597 (C.
1434 2555 1460 2589 1.
1475 2555 1518 2589 A.
1545 2554 1590 2599 II,
1610 2557 1688 2598 827,
1713 2553 1773 2589 lin.
1791 2557 1830 2597 93

337 2617 538 2663 appellatur
567 2616 673 2650 etiam
705 2615 740 2648 in
774 2614 924 2648 frustnlo
956 2613 1000 2647 ab
1034 2613 1209 2648 Homollio
1242 2612 1374 2657 publici
1407 2611 1495 2646 iuris
1526 2611 1637 2646 facto:
1674 2610 1766 2646 Bull.
1797 2611 1828 2645 d.

337 2677 434 2711 Corr.
454 2674 659 2718 11e11.vul,
686 2685 718 2718 p.
735 2675 826 2717 320),
852 2671 975 2705 domus
1002 2670 1213 2714 antistitum,
1239 2680 1327 2714 quos
1353 2669 1422 2704 iam
1440 2668 1631 2713 Glaucippi
1649 2667 1830 2703 archontis

337 2742 428 2767 anno
455 2731 650 2766 invenimus
675 2730 891 2775 appellatos;
919 2729 1047 2763 ihidein
1076 2728 1234 2763 videmus
1261 2726 1494 2772 Aphroditae‚
1521 2735 1626 2769 quam
1653 2725 1687 2760 in
1713 2724 1831 2759 insula
