1957 3293
900 315 1206 355 —228—

303 441 466 488 Quintus
496 440 736 479 Azeniensis:
766 439 944 488 Lebegue
975 451 1035 478 no.
1062 445 1091 477 1.

302 502 491 552 Sarapion
522 503 746 552 Sarapionis
775 503 798 541 f.
829 501 1121 547 Melitensis¹²):
1151 502 1248 541 CIA.
1272 502 1318 548 ll,
1349 507 1435 540 085.

505 556 680 597 (archonte
704 556 915 595 Theodosio)

302 610 483 650 Socrates
514 612 721 651 Aristionis
751 612 774 650 f.
805 612 1040 655 Oeensis¹³):
1070 611 1198 650 BdCH
1219 610 1302 658 VII,
1332 622 1367 658 p.
1389 615 1475 649 368.

487 663 663 706 (archonte
687 665 870 705 Menoete).

301 719 524 759 Theodotus
547 721 704 760 Diodori
724 721 748 758 f.
770 721 1044 763 Suniensis¹⁴):
1076 720 1216 759 BdCH.
1239 721 1325 767 VII,
1345 725 1437 765 364;
1466 719 1560 758 CIA.
1583 719 1630 766 11,
1651 723 1723 758 985
1736 717 1801 765 (5³).

478 773 653 814 (archonte
679 774 891 811 Echecrate).

304 828 596 878 Theophrastus
617 830 802 868 Heracliti
828 829 852 868 f.
874 829 1208 875 Acha1·11ensis¹⁵):
1249 829 1343 868 CIG.
1383 833 1500 875 2286;
1536 827 1676 867 BdCH.
1714 826 1801 874 VII,

564 894 742 934 (archonte
767 894 946 932 Diotimo).
1131 904 1167 940 p.
1185 896 1277 938 37ος
1294 891 1396 935 VIII,
1414 903 1450 940 p.
1471 890 1645 938 1233X1,
1658 902 1696 939 p.
1714 892 1799 929 257-

300 954 438 994 Xenon
468 956 712 1004 Asclepiadis
740 956 763 994 f.
794 955 1076 1004 Plilyasius¹⁶):
1107 955 1249 993 BdCH.
1271 955 1340 1001 III,
1369 967 1405 1003 p.
1427 957 1522 1001 3703
1553 954 1615 1002 VI,
1642 965 1680 1002 p.
1703 957 1788 993 320.

393 1110 437 1152 1²)
462 1110 526 1144 Vir
543 1109 784 1144 nobilissimus
809 1108 962 1143 fueritne
989 1107 1081 1142 idem
1107 1112 1214 1151 atque
1233 1106 1367 1141 archon
1392 1105 1498 1141 huius
1522 1105 1686 1150 nominis,
1712 1105 1804 1140 diiu-

300 1168 414 1203 dicari
440 1178 508 1202 non
535 1167 629 1211 quit,
663 1167 724 1202 sed
751 1167 870 1211 potius
896 1165 941 1200 ad
974 1177 1052 1201 eam
1078 1165 1210 1200 inclino
1237 1164 1466 1208 sententiam,
1500 1169 1539 1199 ut
1563 1163 1660 1199 illius
1692 1162 1805 1197 filium

301 1230 438 1270 putem,
470 1225 564 1269 quod
595 1230 731 1259 certum
763 1231 832 1267 est,
867 1235 947 1258 cum
973 1223 1155 1258 archontis
1183 1222 1388 1267 Serapionis
1414 1224 1469 1266 (ut
1493 1221 1597 1265 vulgo
1622 1219 1805 1262 scribitur)

300 1292 414 1317 annus
440 1282 527 1317 satis
552 1292 679 1325 magno
706 1281 877 1325 temporis
904 1281 1020 1325 spatio
1046 1281 1232 1316 interiecto
1251 1280 1385 1315 exitum
1412 1278 1545 1314 saeculi
1571 1277 1719 1314 secundi
1743 1287 1805 1312 an-

301 1339 458 1385 tecedat,
492 1339 681 1384 epimeleta
714 1345 835 1374 noster
869 1338 992 1382 primis
1024 1337 1246 1382 insequentis
1278 1337 1380 1372 annis
1413 1336 1569 1371 maxima
1592 1335 1628 1370 in
1660 1335 1805 1371 civitate

301 1397 516 1432 auctorit-ate
548 1396 712 1431 floruisse
749 1396 907 1431 videtur:
946 1406 1026 1429 nam
1052 1401 1088 1430 et
1120 1396 1326 1439 στρατηγὸς
1357 1395 1413 1429 ἐπὶ
1445 1395 1489 1428 τὰ
1522 1393 1614 1428 ὅπλα
1646 1393 1715 1428 fuit
1739 1393 1805 1436 bis,

301 1454 532 1489 archontibus
558 1454 758 1488 Echecrate
784 1457 859 1495 (101
879 1456 951 1487 ’100
969 1463 999 1487 a.
1020 1453 1100 1487 Chr.
1121 1454 1168 1495 n.)
1202 1454 1416 1496 Argaeoque
1450 1452 1578 1487 iterum
1605 1453 1740 1494 (96f95i
1771 1456 1807 1485 et

301 1522 370 1547 uno
389 1511 584 1555 eodemque
603 1521 694 1545 anno
711 1511 946 1555 ἀγωνοθέτης
964 1510 1239 1553 Eleusiniorum,
1258 1509 1603 1552 Panathenaeorum,
1622 1507 1805 1543 Deliorum

301 1574 409 1614 atque
435 1568 553 1612 quarti
581 1569 688 1602 etiam
715 1567 901 1602 cuiusdam
929 1567 1009 1601 festi
1037 1568 1139 1611 ((ἸΑ.
1159 1567 1202 1605 ΙΙ,
1221 1570 1298 1609 985,
1325 1567 1365 1600 fr.
1385 1566 1439 1611 D).

395 1640 439 1681 13)
465 1639 593 1683 Populi
633 1639 777 1673 decreta
815 1639 883 1672 duo
922 1637 1057 1681 rogarit
1095 1637 1238 1672 Lenaeo
1277 1637 1466 1672 archonte:
1508 1636 1598 1671 CIA.
1637 1635 1690 1679 ΙΙ,
1728 1636 1805 1678 469,

303 1707 391 1732 vers.
409 1701 429 1731 4
455 1702 491 1731 et
515 1699 568 1731 52.

396 1755 440 1795 ¹⁴)
466 1753 603 1788 Nomen
629 1754 736 1788 huius
763 1754 827 1787 viri
855 1753 930 1788 iure
958 1763 1020 1787 sno
1039 1752 1258 1787 Reinachius
1284 1751 1439 1786 restituit
1460 1751 1495 1786 in
1521 1751 1664 1786 decreto
1683 1749 1806 1795 populi

303 1811 523 1846 atheniensis
549 1811 644 1856 apud
671 1812 810 1855 loseph.
838 1811 960 1854 Antiq.
987 1810 1062 1845 Iud.
1081 1810 1176 1854 XIV,
1202 1813 1233 1854 8,
1259 1814 1296 1843 5:
1331 1809 1462 1853 legitur
1487 1808 1578 1844 enim
1606 1809 1641 1843 in
1666 1807 1806 1843 duobus

303 1868 455 1903 decretis
490 1868 688 1912 Agathocle
722 1868 891 1903 archonte
927 1867 971 1901 ab
1003 1878 1044 1902 eo
1076 1867 1153 1911 ipso
1187 1867 1321 1911 rogatis
1347 1866 1452 1909 (CIA.
1476 1866 1528 1910 II,
1553 1868 1637 1910 470,
1670 1875 1759 1900 vers.
1784 1867 1806 1900 5

302 1930 338 1960 et
361 1928 430 1968 33).
464 1925 560 1959 Idem
586 1925 729 1959 functus
755 1930 808 1959 est
834 1924 913 1958 Deli
941 1923 1141 1959 sacerdotio
1159 1923 1247 1958 deae
1267 1923 1401 1967 Syriae.
1444 1922 1546 1966 Quod
1571 1931 1654 1957 vero
1681 1922 1804 1962 ἐπιμε-

302 1982 427 2027 λησιάν
456 1982 532 2016 eius
559 1981 603 2016 ad
630 1981 842 2016 Echecratis
868 1980 1049 2016 archontis
1082 1990 1213 2015 annum
1239 1981 1420 2024 (lolllOO)
1445 1979 1585 2023 rettuli,
1609 1988 1687 2014 meo
1712 1978 1805 2023 peri-

302 2039 381 2075 culo
407 2039 442 2073 id
468 2040 547 2084 feci,
573 2050 652 2074 cum
677 2040 711 2073 in
738 2039 833 2074 tituli
860 2039 949 2073 CIA.
970 2038 1013 2082 ΙΙ,
1038 2041 1115 2082 985,
1142 2038 1266 2082 fragm.
1286 2037 1327 2072 l).
1353 2037 1433 2081 (col.
1451 2036 1478 2080 Ι,
1504 2046 1592 2071 vers.
1610 2039 1668 2078 30)
1694 2036 1805 2081 scrip-

301 2102 376 2131 tum
402 2102 533 2131 exstet:
561 2123 774 2131 .......
802 2108 862 2134 τως
889 2094 1069 2134 Σουνιεύςι
1098 2095 1159 2129 sed
1185 2100 1280 2130 certe
1307 2094 1390 2130 huic
1416 2093 1567 2139 tempori
1593 2098 1647 2129 est
1671 2093 1805 2129 adscri-

302 2153 438 2189 bendus
463 2154 507 2188 ob
533 2153 793 2188 dedicationem
819 2153 997 2197 quandam
1024 2152 1220 2188 sacerdotis
1245 2152 1454 2187 Cabirorum
1480 2151 1702 2187 Helianactis
1727 2151 1805 2197 ipso

302 2211 379 2247 eius
404 2220 497 2245 anno
522 2210 663 2244 factam.

394 2269 439 2311 ¹⁵)
467 2267 683 2311 Saepissime
725 2267 929 2311 appellatur
962 2267 996 2301 in
1028 2266 1143 2301 titulis
1181 2266 1329 2301 deliacis
1362 2266 1606 2311 plurimasque
1643 2264 1805 2301 novimus

302 2331 441 2361 statuas
474 2326 505 2360 ei
539 2325 673 2369 positas
707 2335 728 2359 a
759 2325 936 2360 cleruchis
970 2324 1197 2368 romanisque
1230 2323 1513 2368 negotiatoribus
1547 2333 1627 2359 cum
1657 2321 1702 2358 ob
1733 2321 1806 2357 alia

305 2383 382 2418 eius
409 2382 554 2426 merita,
585 2388 658 2416 tum
686 2382 847 2426 inprimis
879 2381 973 2425 quod
999 2387 1034 2417 et
1059 2382 1173 2416 forum
1199 2386 1235 2416 et
1259 2386 1400 2426 portum
1425 2380 1702 2414 κατεσκεύασεν.
1751 2379 1804 2414 De

303 2446 422 2475 aetate
441 2440 518 2474 eius
537 2439 625 2473 nihil
644 2439 713 2473 dici
739 2444 866 2483 potest,
892 2438 960 2473 nisi
988 2438 1138 2483 potitum
1165 2449 1245 2473 eum
1271 2449 1349 2473 esse
1375 2437 1532 2473 victoriis
1557 2436 1696 2472 duabus
1713 2435 1805 2472 The-

303 2497 373 2533 seis
399 2497 569 2531 archonte
595 2496 775 2531 Phaedria
800 2496 902 2539 (ClA.
923 2496 968 2540 ΙΙ,
994 2499 1071 2539 446,
1097 2496 1162 2530 col.
1182 2495 1225 2539 11,
1252 2506 1339 2530 vers.
1358 2498 1435 2539 78),
1461 2494 1522 2539 qui
1548 2504 1628 2530 cum
1650 2493 1804 2538 quadam

303 2553 567 2600 probabilitatis
593 2554 712 2598 specie
739 2553 782 2587 ad
809 2564 840 2587 a.
864 2556 1039 2587 leo—150
1063 2552 1188 2587 referri
1215 2558 1342 2597 potest.

395 2612 437 2656 ¹⁶)
462 2611 579 2646 Huius
604 2610 741 2645 familia
766 2610 853 2644 satis
879 2615 933 2644 est
963 2615 1048 2645 nota
1073 2621 1091 2644 e
1117 2609 1232 2644 titulis
1257 2609 1292 2644 in
1319 2609 1441 2644 Attica
1471 2608 1625 2654 repertis
1649 2608 1802 2654 aliquot:

304 2669 339 2704 in
366 2669 456 2704 CIA.
475 2669 520 2714 ΙΙ,
537 2671 616 2712 334,
641 2668 765 2712 fragm.
785 2668 839 2712 D.‚
865 2668 929 2703 col.
950 2669 1012 2712 ΙΙΙ,
1039 2679 1127 2702 vers.
1151 2671 1281 2703 13-14
1307 2667 1512 2712 appellatur
1536 2666 1663 2702 Xenon
1680 2665 1804 2701 Ascle-

305 2726 420 2771 piadis
453 2726 475 2760 s.
507 2731 543 2760 et
576 2725 724 2769 ibidem,
757 2736 845 2759 vers.
875 2728 1019 2760 15—16
1050 2724 1283 2769 Asclepiades
1316 2723 1475 2759 Xenonis
1506 2723 1529 2759 f.
1562 2722 1722 2769 Phlyasii
1759 2743 1804 2750 —

303 2783 413 2817 nostri
447 2793 533 2816 avus
567 2788 599 2817 et
628 2788 729 2826 pater
763 2783 837 2815 sin«-
865 2782 989 2818 dnbio:
1020 2782 1095 2825 ipse
1119 2782 1160 2824 (9)
1186 2781 1255 2816 duo
1289 2781 1434 2816 decreta
1465 2781 1604 2825 rogavit
1633 2779 1803 2816 archonte
