<?xml version="1.0" encoding="UTF-8"?>
<!DOCTYPE html PUBLIC "-//W3C//DTD XHTML 1.0 Transitional//EN"
    "http://www.w3.org/TR/xhtml1/DTD/xhtml1-transitional.dtd">
<html xmlns="http://www.w3.org/1999/xhtml" xml:lang="en" lang="en">
 <head>
  <title>
</title>
<meta http-equiv="Content-Type" content="text/html;charset=utf-8" />
  <meta name='ocr-system' content='tesseract 3.04.00' />
  <meta name='ocr-capabilities' content='ocr_page ocr_carea ocr_par ocr_line ocrx_word'/>
</head>
<body>
  <div class='ocr_page' id='page_1' title='image "./dedeliinsulaereb00scho_0166.png"; bbox 0 0 1957 3293; ppageno 0'>
   <div class='ocr_carea' id='block_1_1' title="bbox 863 293 1172 333">
    <p class='ocr_par' dir='ltr' id='par_1_1' title="bbox 863 293 1172 333">
     <span class='ocr_line' id='line_1_1' title="bbox 863 293 1172 333; baseline 0 0"><span class='ocrx_word' id='word_1_1' title='bbox 863 293 1172 333; x_wconf 89' lang='lat'>—154—</span> 
     </span>
    </p>
   </div>
   <div class='ocr_carea' id='block_1_2' title="bbox 271 415 1774 2785">
    <p class='ocr_par' dir='ltr' id='par_1_2' title="bbox 271 415 1772 1834">
     <span class='ocr_line' id='line_1_2' title="bbox 271 415 1771 466; baseline 0.002 -12"><span class='ocrx_word' id='word_1_2' title='bbox 271 415 586 457; x_wconf 88' lang='lat' dir='ltr'>administranda,</span> <span class='ocrx_word' id='word_1_3' title='bbox 608 416 746 463; x_wconf 88' lang='lat' dir='ltr'>partim</span> <span class='ocrx_word' id='word_1_4' title='bbox 774 417 811 453; x_wconf 90' lang='lat' dir='ltr'>in</span> <span class='ocrx_word' id='word_1_5' title='bbox 841 416 1081 464; x_wconf 81' lang='lat' dir='ltr'>supellectile</span> <span class='ocrx_word' id='word_1_6' title='bbox 1110 417 1216 455; x_wconf 86' lang='lat' dir='ltr'>varia</span> <span class='ocrx_word' id='word_1_7' title='bbox 1243 417 1478 457; x_wconf 85' lang='lat' dir='ltr'>asservanda</span> <span class='ocrx_word' id='word_1_8' title='bbox 1505 418 1686 466; x_wconf 82' lang='lat' dir='ltr'>positum,</span> <span class='ocrx_word' id='word_1_9' title='bbox 1714 419 1771 457; x_wconf 74' lang='lat' dir='ltr'>ita</span> 
     </span>
     <span class='ocr_line' id='line_1_3' title="bbox 275 478 1769 529; baseline 0.003 -15"><span class='ocrx_word' id='word_1_10' title='bbox 275 479 312 515; x_wconf 91' lang='lat' dir='ltr'>in</span> <span class='ocrx_word' id='word_1_11' title='bbox 347 478 565 516; x_wconf 83' lang='lat' dir='ltr'>tabularum</span> <span class='ocrx_word' id='word_1_12' title='bbox 602 478 726 516; x_wconf 88' lang='lat' dir='ltr'>fronte</span> <span class='ocrx_word' id='word_1_13' title='bbox 761 480 947 526; x_wconf 86' lang='lat' dir='ltr'>pecuniae</span> <span class='ocrx_word' id='word_1_14' title='bbox 986 483 1024 516; x_wconf 91' lang='lat' dir='ltr'>et</span> <span class='ocrx_word' id='word_1_15' title='bbox 1058 484 1238 526; x_wconf 77' lang='lat' dir='ltr'>acceptae</span> <span class='ocrx_word' id='word_1_16' title='bbox 1267 484 1306 518; x_wconf 86' lang='lat' dir='ltr'>et</span> <span class='ocrx_word' id='word_1_17' title='bbox 1333 492 1526 528; x_wconf 79' lang='lat' dir='ltr'>expensae</span> <span class='ocrx_word' id='word_1_18' title='bbox 1554 480 1769 529; x_wconf 85' lang='lat' dir='ltr'>perscribe·</span> 
     </span>
     <span class='ocr_line' id='line_1_4' title="bbox 273 541 1768 589; baseline 0.001 -11"><span class='ocrx_word' id='word_1_19' title='bbox 273 541 425 584; x_wconf 85' lang='lat' dir='ltr'>bantur,</span> <span class='ocrx_word' id='word_1_20' title='bbox 455 542 492 578; x_wconf 90' lang='lat' dir='ltr'>in</span> <span class='ocrx_word' id='word_1_21' title='bbox 513 546 623 588; x_wconf 89' lang='lat' dir='ltr'>parte</span> <span class='ocrx_word' id='word_1_22' title='bbox 653 553 788 579; x_wconf 77' lang='lat' dir='ltr'>aversa</span> <span class='ocrx_word' id='word_1_23' title='bbox 818 542 1033 579; x_wconf 85' lang='lat' dir='ltr'>inventaria</span> <span class='ocrx_word' id='word_1_24' title='bbox 1061 543 1290 589; x_wconf 89' lang='lat' dir='ltr'>templorum</span> <span class='ocrx_word' id='word_1_25' title='bbox 1319 547 1358 581; x_wconf 91' lang='lat' dir='ltr'>et</span> <span class='ocrx_word' id='word_1_26' title='bbox 1384 541 1502 580; x_wconf 83' lang='grc' dir='ltr'><em>οἴκων</em></span> <span class='ocrx_word' id='word_1_27' title='bbox 1529 543 1768 582; x_wconf 82' lang='lat' dir='ltr'>diversorum</span> 
     </span>
     <span class='ocr_line' id='line_1_5' title="bbox 272 603 1771 654; baseline 0.003 -15"><span class='ocrx_word' id='word_1_28' title='bbox 272 603 610 651; x_wconf 81' lang='lat' dir='ltr'>proponebantur;</span> <span class='ocrx_word' id='word_1_29' title='bbox 632 609 669 641; x_wconf 90' lang='lat' dir='ltr'>et</span> <span class='ocrx_word' id='word_1_30' title='bbox 689 604 749 641; x_wconf 88' lang='lat' dir='ltr'>hic</span> <span class='ocrx_word' id='word_1_31' title='bbox 771 609 809 642; x_wconf 89' lang='lat' dir='ltr'>et</span> <span class='ocrx_word' id='word_1_32' title='bbox 828 605 905 642; x_wconf 91' lang='lat' dir='ltr'>illic</span> <span class='ocrx_word' id='word_1_33' title='bbox 925 605 1070 641; x_wconf 88' lang='lat' dir='ltr'>minora</span> <span class='ocrx_word' id='word_1_34' title='bbox 1101 605 1287 652; x_wconf 82' lang='lat' dir='ltr'>quaedam</span> <span class='ocrx_word' id='word_1_35' title='bbox 1318 604 1443 647; x_wconf 85' lang='lat' dir='ltr'>(fundi</span> <span class='ocrx_word' id='word_1_36' title='bbox 1471 606 1622 653; x_wconf 83' lang='lat' dir='ltr'>elocati,</span> <span class='ocrx_word' id='word_1_37' title='bbox 1651 616 1771 654; x_wconf 84' lang='lat' dir='ltr'>opera</span> 
     </span>
     <span class='ocr_line' id='line_1_6' title="bbox 274 666 1770 716; baseline 0.003 -13"><span class='ocrx_word' id='word_1_38' title='bbox 274 666 583 714; x_wconf 78' lang='lat' dir='ltr'>redemptoribus</span> <span class='ocrx_word' id='word_1_39' title='bbox 613 667 853 713; x_wconf 75' lang='lat' dir='ltr'>adiudicata,</span> <span class='ocrx_word' id='word_1_40' title='bbox 884 667 1098 705; x_wconf 91' lang='lat' dir='ltr'>debitorum</span> <span class='ocrx_word' id='word_1_41' title='bbox 1130 669 1292 710; x_wconf 89' lang='lat' dir='ltr'>nomina,</span> <span class='ocrx_word' id='word_1_42' title='bbox 1321 669 1386 716; x_wconf 89' lang='lat' dir='ltr'>qui</span> <span class='ocrx_word' id='word_1_43' title='bbox 1415 669 1517 707; x_wconf 85' lang='lat' dir='ltr'>iusta</span> <span class='ocrx_word' id='word_1_44' title='bbox 1544 680 1620 707; x_wconf 90' lang='lat' dir='ltr'>non</span> <span class='ocrx_word' id='word_1_45' title='bbox 1648 668 1770 706; x_wconf 88' lang='lat' dir='ltr'>solve-</span> 
     </span>
     <span class='ocr_line' id='line_1_7' title="bbox 273 729 1770 777; baseline 0.001 -11"><span class='ocrx_word' id='word_1_46' title='bbox 273 734 374 767; x_wconf 72' lang='lat' dir='ltr'>rant)</span> <span class='ocrx_word' id='word_1_47' title='bbox 397 729 496 767; x_wconf 91' lang='lat' dir='ltr'>adici</span> <span class='ocrx_word' id='word_1_48' title='bbox 519 729 704 775; x_wconf 77' lang='lat' dir='ltr'>solebant,</span> <span class='ocrx_word' id='word_1_49' title='bbox 726 734 839 777; x_wconf 89' lang='lat' dir='ltr'>prout</span> <span class='ocrx_word' id='word_1_50' title='bbox 860 730 966 767; x_wconf 89' lang='lat' dir='ltr'>locus</span> <span class='ocrx_word' id='word_1_51' title='bbox 987 729 1161 775; x_wconf 84' lang='lat' dir='ltr'>vacabat,</span> <span class='ocrx_word' id='word_1_52' title='bbox 1191 731 1345 777; x_wconf 90' lang='lat' dir='ltr'>saepius</span> <span class='ocrx_word' id='word_1_53' title='bbox 1374 732 1488 768; x_wconf 90' lang='lat' dir='ltr'>etiam</span> <span class='ocrx_word' id='word_1_54' title='bbox 1517 731 1556 768; x_wconf 94' lang='lat' dir='ltr'>in</span> <span class='ocrx_word' id='word_1_55' title='bbox 1583 730 1770 769; x_wconf 87' lang='lat' dir='ltr'>lateribus</span> 
     </span>
     <span class='ocr_line' id='line_1_8' title="bbox 275 792 1770 840; baseline 0.001 -12"><span class='ocrx_word' id='word_1_56' title='bbox 275 792 433 839; x_wconf 90' lang='lat' dir='ltr'>lapidis:</span> <span class='ocrx_word' id='word_1_57' title='bbox 471 792 541 830; x_wconf 85' lang='lat' dir='ltr'>hoc</span> <span class='ocrx_word' id='word_1_58' title='bbox 577 792 623 829; x_wconf 89' lang='lat' dir='ltr'>de</span> <span class='ocrx_word' id='word_1_59' title='bbox 659 793 848 829; x_wconf 76' lang='lat' dir='ltr'>universis</span> <span class='ocrx_word' id='word_1_60' title='bbox 884 792 958 829; x_wconf 88' lang='lat' dir='ltr'>dici</span> <span class='ocrx_word' id='word_1_61' title='bbox 995 797 1141 840; x_wconf 89' lang='lat' dir='ltr'>potest,</span> <span class='ocrx_word' id='word_1_62' title='bbox 1176 799 1345 830; x_wconf 88' lang='lat' dir='ltr'>ceterum</span> <span class='ocrx_word' id='word_1_63' title='bbox 1380 794 1442 831; x_wconf 87' lang='lat' dir='ltr'>vix</span> <span class='ocrx_word' id='word_1_64' title='bbox 1477 793 1575 832; x_wconf 87' lang='lat' dir='ltr'>duae</span> <span class='ocrx_word' id='word_1_65' title='bbox 1615 793 1770 830; x_wconf 84' lang='lat' dir='ltr'>tabulae</span> 
     </span>
     <span class='ocr_line' id='line_1_9' title="bbox 279 854 1770 904; baseline 0.003 -14"><span class='ocrx_word' id='word_1_66' title='bbox 279 854 457 892; x_wconf 74' lang='lat' dir='ltr'>videntur</span> <span class='ocrx_word' id='word_1_67' title='bbox 477 855 592 892; x_wconf 84' lang='lat' dir='ltr'>fuisse</span> <span class='ocrx_word' id='word_1_68' title='bbox 613 855 662 892; x_wconf 85' lang='lat' dir='ltr'>ad</span> <span class='ocrx_word' id='word_1_69' title='bbox 682 867 798 892; x_wconf 92' lang='lat' dir='ltr'>unum</span> <span class='ocrx_word' id='word_1_70' title='bbox 819 856 932 902; x_wconf 90' lang='lat' dir='ltr'>plane</span> <span class='ocrx_word' id='word_1_71' title='bbox 954 856 1151 903; x_wconf 79' lang='lat' dir='ltr'>exemplar</span> <span class='ocrx_word' id='word_1_72' title='bbox 1179 857 1357 903; x_wconf 85' lang='lat' dir='ltr'>scriptae.</span> <span class='ocrx_word' id='word_1_73' title='bbox 1405 856 1449 894; x_wconf 89' lang='lat' dir='ltr'>In</span> <span class='ocrx_word' id='word_1_74' title='bbox 1477 855 1770 904; x_wconf 88' lang='lat' dir='ltr'>hieropoeorum</span> 
     </span>
     <span class='ocr_line' id='line_1_10' title="bbox 274 918 1770 967; baseline 0.001 -13"><span class='ocrx_word' id='word_1_75' title='bbox 274 922 400 955; x_wconf 89' lang='lat' dir='ltr'>autem</span> <span class='ocrx_word' id='word_1_76' title='bbox 429 918 571 956; x_wconf 91' lang='lat' dir='ltr'>tabulis</span> <span class='ocrx_word' id='word_1_77' title='bbox 601 918 865 956; x_wconf 81' lang='lat' dir='ltr'>examinandis</span> <span class='ocrx_word' id='word_1_78' title='bbox 895 919 970 956; x_wconf 88' lang='lat' dir='ltr'>alia</span> <span class='ocrx_word' id='word_1_79' title='bbox 1005 918 1114 957; x_wconf 91' lang='lat' dir='ltr'>nobis</span> <span class='ocrx_word' id='word_1_80' title='bbox 1149 919 1211 955; x_wconf 72' lang='lat' dir='ltr'>w&#39;a</span> <span class='ocrx_word' id='word_1_81' title='bbox 1245 923 1304 956; x_wconf 91' lang='lat' dir='ltr'>est</span> <span class='ocrx_word' id='word_1_82' title='bbox 1337 918 1525 965; x_wconf 87' lang='lat' dir='ltr'>ineunda,</span> <span class='ocrx_word' id='word_1_83' title='bbox 1559 922 1675 967; x_wconf 87' lang='lat' dir='ltr'>atque</span> <span class='ocrx_word' id='word_1_84' title='bbox 1710 918 1770 956; x_wconf 87' lang='lat' dir='ltr'>usi</span> 
     </span>
     <span class='ocr_line' id='line_1_11' title="bbox 273 981 1771 1030; baseline 0.002 -12"><span class='ocrx_word' id='word_1_85' title='bbox 273 993 406 1018; x_wconf 89' lang='lat' dir='ltr'>sumus</span> <span class='ocrx_word' id='word_1_86' title='bbox 445 982 482 1018; x_wconf 89' lang='lat' dir='ltr'>in</span> <span class='ocrx_word' id='word_1_87' title='bbox 528 981 836 1028; x_wconf 70' lang='lat' dir='ltr'>amphictyonum</span> <span class='ocrx_word' id='word_1_88' title='bbox 879 981 1114 1027; x_wconf 91' lang='lat' dir='ltr'>rationibus,</span> <span class='ocrx_word' id='word_1_89' title='bbox 1156 992 1344 1020; x_wconf 90' lang='lat' dir='ltr'>marmore</span> <span class='ocrx_word' id='word_1_90' title='bbox 1384 983 1612 1030; x_wconf 85' lang='lat' dir='ltr'>praesertim</span> <span class='ocrx_word' id='word_1_91' title='bbox 1649 981 1771 1021; x_wconf 80' lang='lat' dir='ltr'>Sand-</span> 
     </span>
     <span class='ocr_line' id='line_1_12' title="bbox 274 1043 1769 1092; baseline 0.001 -11"><span class='ocrx_word' id='word_1_92' title='bbox 274 1045 446 1090; x_wconf 88' lang='lat' dir='ltr'>wicensi,</span> <span class='ocrx_word' id='word_1_93' title='bbox 484 1044 795 1092; x_wconf 77' lang='lat' dir='ltr'>perscrutandis3</span> <span class='ocrx_word' id='word_1_94' title='bbox 830 1055 917 1081; x_wconf 87' lang='lat' dir='ltr'>nam</span> <span class='ocrx_word' id='word_1_95' title='bbox 952 1043 1022 1082; x_wconf 88' lang='lat' dir='ltr'>has</span> <span class='ocrx_word' id='word_1_96' title='bbox 1056 1045 1298 1092; x_wconf 86' lang='lat' dir='ltr'>perlegentes</span> <span class='ocrx_word' id='word_1_97' title='bbox 1334 1045 1464 1082; x_wconf 87' lang='lat' dir='ltr'>statim</span> <span class='ocrx_word' id='word_1_98' title='bbox 1492 1045 1769 1092; x_wconf 84' lang='lat' dir='ltr'>cognoscimus,</span> 
     </span>
     <span class='ocr_line' id='line_1_13' title="bbox 272 1106 1770 1155; baseline 0.001 -10"><span class='ocrx_word' id='word_1_99' title='bbox 272 1113 310 1145; x_wconf 89' lang='lat' dir='ltr'>et</span> <span class='ocrx_word' id='word_1_100' title='bbox 331 1112 490 1155; x_wconf 86' lang='lat' dir='ltr'>accepta</span> <span class='ocrx_word' id='word_1_101' title='bbox 512 1112 548 1144; x_wconf 89' lang='lat' dir='ltr'>et</span> <span class='ocrx_word' id='word_1_102' title='bbox 569 1118 738 1154; x_wconf 86' lang='lat' dir='ltr'>expensa</span> <span class='ocrx_word' id='word_1_103' title='bbox 765 1108 865 1144; x_wconf 91' lang='lat' dir='ltr'>sacri</span> <span class='ocrx_word' id='word_1_104' title='bbox 892 1108 1032 1145; x_wconf 88' lang='lat' dir='ltr'>aerarii</span> <span class='ocrx_word' id='word_1_105' title='bbox 1062 1118 1160 1154; x_wconf 90' lang='lat' dir='ltr'>quae</span> <span class='ocrx_word' id='word_1_106' title='bbox 1189 1110 1410 1155; x_wconf 90' lang='lat' dir='ltr'>quantaque</span> <span class='ocrx_word' id='word_1_107' title='bbox 1438 1106 1582 1145; x_wconf 82' lang='lat' dir='ltr'>fuerint</span> <span class='ocrx_word' id='word_1_108' title='bbox 1609 1108 1770 1155; x_wconf 81' lang='lat' dir='ltr'>singulis</span> 
     </span>
     <span class='ocr_line' id='line_1_14' title="bbox 272 1169 1765 1218; baseline 0.001 -11"><span class='ocrx_word' id='word_1_109' title='bbox 272 1171 381 1207; x_wconf 89' lang='lat' dir='ltr'>annis</span> <span class='ocrx_word' id='word_1_110' title='bbox 411 1173 449 1207; x_wconf 88' lang='lat' dir='ltr'>et</span> <span class='ocrx_word' id='word_1_111' title='bbox 476 1181 546 1217; x_wconf 87' lang='lat' dir='ltr'>per</span> <span class='ocrx_word' id='word_1_112' title='bbox 582 1170 817 1216; x_wconf 82' lang='lat' dir='ltr'>singulorum</span> <span class='ocrx_word' id='word_1_113' title='bbox 853 1170 1101 1216; x_wconf 85' lang='lat' dir='ltr'>collegiorum</span> <span class='ocrx_word' id='word_1_114' title='bbox 1135 1173 1305 1217; x_wconf 90' lang='lat' dir='ltr'>tempus,</span> <span class='ocrx_word' id='word_1_115' title='bbox 1340 1170 1520 1218; x_wconf 90' lang='lat' dir='ltr'>quoniam</span> <span class='ocrx_word' id='word_1_116' title='bbox 1555 1169 1765 1208; x_wconf 84' lang='lat' dir='ltr'>secundum</span> 
     </span>
     <span class='ocr_line' id='line_1_15' title="bbox 271 1231 1768 1280; baseline 0 -10"><span class='ocrx_word' id='word_1_117' title='bbox 271 1237 416 1270; x_wconf 91' lang='lat' dir='ltr'>certum</span> <span class='ocrx_word' id='word_1_118' title='bbox 464 1232 633 1270; x_wconf 85' lang='lat' dir='ltr'>ordinem</span> <span class='ocrx_word' id='word_1_119' title='bbox 677 1233 896 1280; x_wconf 85' lang='lat' dir='ltr'>perscripta</span> <span class='ocrx_word' id='word_1_120' title='bbox 938 1236 1044 1278; x_wconf 80' lang='lat' dir='ltr'>sunt3</span> <span class='ocrx_word' id='word_1_121' title='bbox 1086 1233 1125 1269; x_wconf 94' lang='lat' dir='ltr'>in</span> <span class='ocrx_word' id='word_1_122' title='bbox 1167 1231 1462 1280; x_wconf 88' lang='lat' dir='ltr'>hieropoeorum</span> <span class='ocrx_word' id='word_1_123' title='bbox 1495 1243 1586 1271; x_wconf 87' lang='lat' dir='ltr'>vero</span> <span class='ocrx_word' id='word_1_124' title='bbox 1625 1231 1768 1271; x_wconf 89' lang='lat' dir='ltr'>tabulis</span> 
     </span>
     <span class='ocr_line' id='line_1_16' title="bbox 272 1295 1768 1343; baseline 0 -11"><span class='ocrx_word' id='word_1_125' title='bbox 272 1296 389 1333; x_wconf 90' lang='lat' dir='ltr'>multo</span> <span class='ocrx_word' id='word_1_126' title='bbox 425 1295 675 1343; x_wconf 84' lang='lat' dir='ltr'>amplioribus</span> <span class='ocrx_word' id='word_1_127' title='bbox 711 1295 805 1333; x_wconf 91' lang='lat' dir='ltr'>ordo</span> <span class='ocrx_word' id='word_1_128' title='bbox 843 1296 967 1332; x_wconf 89' lang='lat' dir='ltr'>minus</span> <span class='ocrx_word' id='word_1_129' title='bbox 1004 1298 1063 1333; x_wconf 89' lang='lat' dir='ltr'>est</span> <span class='ocrx_word' id='word_1_130' title='bbox 1096 1296 1342 1343; x_wconf 86' lang='lat' dir='ltr'>perspicuus:</span> <span class='ocrx_word' id='word_1_131' title='bbox 1379 1306 1465 1333; x_wconf 90' lang='lat' dir='ltr'>cum</span> <span class='ocrx_word' id='word_1_132' title='bbox 1499 1295 1599 1333; x_wconf 88' lang='lat' dir='ltr'>enim</span> <span class='ocrx_word' id='word_1_133' title='bbox 1633 1295 1768 1343; x_wconf 87' lang='lat' dir='ltr'>templi</span> 
     </span>
     <span class='ocr_line' id='line_1_17' title="bbox 271 1357 1770 1406; baseline 0.001 -12"><span class='ocrx_word' id='word_1_134' title='bbox 271 1358 418 1395; x_wconf 89' lang='lat' dir='ltr'>reditus</span> <span class='ocrx_word' id='word_1_135' title='bbox 439 1369 632 1406; x_wconf 90' lang='lat' dir='ltr'>nunquam</span> <span class='ocrx_word' id='word_1_136' title='bbox 662 1357 742 1396; x_wconf 86' lang='lat' dir='ltr'>fere</span> <span class='ocrx_word' id='word_1_137' title='bbox 773 1370 816 1396; x_wconf 89' lang='lat' dir='ltr'>eo</span> <span class='ocrx_word' id='word_1_138' title='bbox 846 1359 942 1406; x_wconf 88' lang='lat' dir='ltr'>ipso,</span> <span class='ocrx_word' id='word_1_139' title='bbox 973 1369 1048 1406; x_wconf 91' lang='lat' dir='ltr'>quo</span> <span class='ocrx_word' id='word_1_140' title='bbox 1077 1357 1281 1402; x_wconf 84' lang='lat' dir='ltr'>debebant,</span> <span class='ocrx_word' id='word_1_141' title='bbox 1310 1368 1423 1404; x_wconf 92' lang='lat' dir='ltr'>anno,</span> <span class='ocrx_word' id='word_1_142' title='bbox 1453 1357 1520 1396; x_wconf 89' lang='lat' dir='ltr'>sed</span> <span class='ocrx_word' id='word_1_143' title='bbox 1548 1369 1624 1396; x_wconf 90' lang='lat' dir='ltr'>uno</span> <span class='ocrx_word' id='word_1_144' title='bbox 1651 1361 1770 1406; x_wconf 88' lang='lat' dir='ltr'>atque</span> 
     </span>
     <span class='ocr_line' id='line_1_18' title="bbox 275 1420 1770 1468; baseline 0.001 -11"><span class='ocrx_word' id='word_1_145' title='bbox 275 1420 466 1458; x_wconf 86' lang='lat' dir='ltr'>interdum</span> <span class='ocrx_word' id='word_1_146' title='bbox 489 1420 638 1458; x_wconf 90' lang='lat' dir='ltr'>duobus</span> <span class='ocrx_word' id='word_1_147' title='bbox 660 1424 748 1468; x_wconf 89' lang='lat' dir='ltr'>post</span> <span class='ocrx_word' id='word_1_148' title='bbox 776 1421 1082 1468; x_wconf 79' lang='lat' dir='ltr'>perciperentur,</span> <span class='ocrx_word' id='word_1_149' title='bbox 1110 1420 1284 1468; x_wconf 86' lang='lat' dir='ltr'>percepti</span> <span class='ocrx_word' id='word_1_150' title='bbox 1313 1430 1389 1457; x_wconf 92' lang='lat' dir='ltr'>non</span> <span class='ocrx_word' id='word_1_151' title='bbox 1417 1421 1545 1458; x_wconf 87' lang='lat' dir='ltr'>statim</span> <span class='ocrx_word' id='word_1_152' title='bbox 1573 1421 1613 1458; x_wconf 87' lang='lat' dir='ltr'>in</span> <span class='ocrx_word' id='word_1_153' title='bbox 1641 1431 1770 1458; x_wconf 81' lang='lat' dir='ltr'>arcam</span> 
     </span>
     <span class='ocr_line' id='line_1_19' title="bbox 276 1482 1772 1531; baseline 0.001 -11"><span class='ocrx_word' id='word_1_154' title='bbox 276 1482 529 1529; x_wconf 88' lang='lat' dir='ltr'>referrentur,</span> <span class='ocrx_word' id='word_1_155' title='bbox 560 1483 626 1521; x_wconf 87' lang='lat' dir='ltr'>sed</span> <span class='ocrx_word' id='word_1_156' title='bbox 655 1484 880 1531; x_wconf 86' lang='lat' dir='ltr'>plerumque</span> <span class='ocrx_word' id='word_1_157' title='bbox 917 1483 1203 1530; x_wconf 88' lang='lat' dir='ltr'>deponerentur</span> <span class='ocrx_word' id='word_1_158' title='bbox 1236 1483 1275 1520; x_wconf 92' lang='lat' dir='ltr'>in</span> <span class='ocrx_word' id='word_1_159' title='bbox 1311 1483 1586 1530; x_wconf 88' lang='lat' dir='ltr'>trapezitarum</span> <span class='ocrx_word' id='word_1_160' title='bbox 1613 1483 1737 1522; x_wconf 87' lang='lat' dir='ltr'>mensi</span> <span class='ocrx_word' id='word_1_161' title='bbox 1762 1512 1772 1529; x_wconf 91' lang='lat'>,</span> 
     </span>
     <span class='ocr_line' id='line_1_20' title="bbox 273 1544 1770 1593; baseline 0.001 -11"><span class='ocrx_word' id='word_1_162' title='bbox 273 1544 412 1583; x_wconf 83' lang='lat' dir='ltr'>sactum</span> <span class='ocrx_word' id='word_1_163' title='bbox 436 1546 505 1583; x_wconf 68' lang='lat' dir='ltr'>est,</span> <span class='ocrx_word' id='word_1_164' title='bbox 536 1550 578 1582; x_wconf 92' lang='lat' dir='ltr'>ut</span> <span class='ocrx_word' id='word_1_165' title='bbox 604 1546 720 1583; x_wconf 85' lang='lat' dir='ltr'>variis</span> <span class='ocrx_word' id='word_1_166' title='bbox 750 1549 901 1583; x_wconf 82' lang='lat' dir='ltr'>exstent</span> <span class='ocrx_word' id='word_1_167' title='bbox 929 1545 1030 1582; x_wconf 88' lang='lat' dir='ltr'>tituli</span> <span class='ocrx_word' id='word_1_168' title='bbox 1059 1545 1152 1582; x_wconf 87' lang='lat' dir='ltr'>locis</span> <span class='ocrx_word' id='word_1_169' title='bbox 1182 1545 1333 1592; x_wconf 88' lang='lat' dir='ltr'>singula</span> <span class='ocrx_word' id='word_1_170' title='bbox 1359 1545 1588 1593; x_wconf 90' lang='lat' dir='ltr'>perscripta.</span> <span class='ocrx_word' id='word_1_171' title='bbox 1635 1545 1669 1584; x_wconf 88' lang='lat' dir='ltr'><strong>V</strong></span> <span class='ocrx_word' id='word_1_172' title='bbox 1687 1556 1770 1584; x_wconf 83' lang='lat' dir='ltr'>sum</span> 
     </span>
     <span class='ocr_line' id='line_1_21' title="bbox 275 1606 1770 1655; baseline 0.001 -10"><span class='ocrx_word' id='word_1_173' title='bbox 275 1612 335 1645; x_wconf 85' lang='lat' dir='ltr'>est</span> <span class='ocrx_word' id='word_1_174' title='bbox 354 1609 471 1655; x_wconf 84' lang='lat' dir='ltr'>igitur</span> <span class='ocrx_word' id='word_1_175' title='bbox 492 1608 581 1644; x_wconf 79' lang='lat' dir='ltr'>mihi</span> <span class='ocrx_word' id='word_1_176' title='bbox 602 1608 778 1655; x_wconf 83' lang='lat' dir='ltr'>primurn.</span> <span class='ocrx_word' id='word_1_177' title='bbox 799 1608 1050 1655; x_wconf 85' lang='lat' dir='ltr'>pecuniarum</span> <span class='ocrx_word' id='word_1_178' title='bbox 1070 1607 1239 1645; x_wconf 89' lang='lat' dir='ltr'>rationes</span> <span class='ocrx_word' id='word_1_179' title='bbox 1259 1618 1335 1655; x_wconf 90' lang='lat' dir='ltr'>quo</span> <span class='ocrx_word' id='word_1_180' title='bbox 1355 1606 1488 1645; x_wconf 90' lang='lat' dir='ltr'>ordine</span> <span class='ocrx_word' id='word_1_181' title='bbox 1508 1608 1583 1645; x_wconf 87' lang='lat' dir='ltr'>sint</span> <span class='ocrx_word' id='word_1_182' title='bbox 1604 1607 1770 1647; x_wconf 74' lang='lat' dir='ltr'>Demare</span> 
     </span>
     <span class='ocr_line' id='line_1_22' title="bbox 272 1669 1772 1718; baseline -0.001 -9"><span class='ocrx_word' id='word_1_183' title='bbox 272 1671 457 1709; x_wconf 87' lang='lat' dir='ltr'>archonte</span> <span class='ocrx_word' id='word_1_184' title='bbox 487 1670 605 1717; x_wconf 90' lang='lat' dir='ltr'>lapidi</span> <span class='ocrx_word' id='word_1_185' title='bbox 635 1671 800 1713; x_wconf 80' lang='lat' dir='ltr'>incisae.</span> <span class='ocrx_word' id='word_1_186' title='bbox 831 1681 1024 1717; x_wconf 88' lang='lat' dir='ltr'>exponere</span> <span class='ocrx_word' id='word_1_187' title='bbox 1054 1669 1294 1717; x_wconf 86' lang='lat' dir='ltr'>singulatim,</span> <span class='ocrx_word' id='word_1_188' title='bbox 1331 1680 1406 1718; x_wconf 93' lang='lat' dir='ltr'>quo</span> <span class='ocrx_word' id='word_1_189' title='bbox 1440 1675 1646 1718; x_wconf 85' lang='lat' dir='ltr'>perspecto</span> <span class='ocrx_word' id='word_1_190' title='bbox 1680 1669 1772 1710; x_wconf 80' lang='lat' dir='ltr'>faci-</span> 
     </span>
     <span class='ocr_line' id='line_1_23' title="bbox 275 1732 1771 1780; baseline 0 -9"><span class='ocrx_word' id='word_1_191' title='bbox 275 1734 348 1771; x_wconf 91' lang='lat' dir='ltr'>lius</span> <span class='ocrx_word' id='word_1_192' title='bbox 371 1734 443 1772; x_wconf 91' lang='lat' dir='ltr'>erit</span> <span class='ocrx_word' id='word_1_193' title='bbox 473 1733 607 1780; x_wconf 90' lang='lat' dir='ltr'>templi</span> <span class='ocrx_word' id='word_1_194' title='bbox 636 1736 674 1769; x_wconf 88' lang='lat' dir='ltr'>et</span> <span class='ocrx_word' id='word_1_195' title='bbox 702 1732 850 1769; x_wconf 88' lang='lat' dir='ltr'>reditus</span> <span class='ocrx_word' id='word_1_196' title='bbox 879 1743 1028 1769; x_wconf 90' lang='lat' dir='ltr'>annuos</span> <span class='ocrx_word' id='word_1_197' title='bbox 1056 1736 1171 1780; x_wconf 88' lang='lat' dir='ltr'>atque</span> <span class='ocrx_word' id='word_1_198' title='bbox 1201 1743 1372 1780; x_wconf 86' lang='lat' dir='ltr'>expensa</span> <span class='ocrx_word' id='word_1_199' title='bbox 1398 1732 1630 1780; x_wconf 84' lang='lat' dir='ltr'>investigare</span> <span class='ocrx_word' id='word_1_200' title='bbox 1658 1736 1697 1771; x_wconf 90' lang='lat' dir='ltr'>et</span> <span class='ocrx_word' id='word_1_201' title='bbox 1723 1732 1771 1771; x_wconf 86' lang='lat' dir='ltr'>de</span> 
     </span>
     <span class='ocr_line' id='line_1_24' title="bbox 272 1794 1033 1834; baseline -0.004 0"><span class='ocrx_word' id='word_1_202' title='bbox 272 1797 454 1834; x_wconf 77' lang='lat' dir='ltr'>universa</span> <span class='ocrx_word' id='word_1_203' title='bbox 483 1795 544 1833; x_wconf 90' lang='lat' dir='ltr'>dei</span> <span class='ocrx_word' id='word_1_204' title='bbox 573 1807 614 1832; x_wconf 89' lang='lat' dir='ltr'>re</span> <span class='ocrx_word' id='word_1_205' title='bbox 642 1794 821 1833; x_wconf 82' lang='lat' dir='ltr'>familiari</span> <span class='ocrx_word' id='word_1_206' title='bbox 851 1794 1033 1832; x_wconf 88' lang='lat' dir='ltr'>iudicare.</span> 
     </span>
    </p>

    <p class='ocr_par' dir='ltr' id='par_1_3' title="bbox 273 1856 1774 2785">
     <span class='ocr_line' id='line_1_25' title="bbox 377 1856 1770 1908; baseline -0.001 -11"><span class='ocrx_word' id='word_1_207' title='bbox 377 1859 503 1897; x_wconf 90' lang='lat' dir='ltr'>Primo</span> <span class='ocrx_word' id='word_1_208' title='bbox 530 1859 614 1896; x_wconf 91' lang='lat' dir='ltr'>loco</span> <span class='ocrx_word' id='word_1_209' title='bbox 644 1857 909 1906; x_wconf 84' lang='lat' dir='ltr'>perscribitur,</span> <span class='ocrx_word' id='word_1_210' title='bbox 939 1869 1037 1906; x_wconf 90' lang='lat' dir='ltr'>quae</span> <span class='ocrx_word' id='word_1_211' title='bbox 1066 1858 1282 1896; x_wconf 87' lang='lat' dir='ltr'>invenerint</span> <span class='ocrx_word' id='word_1_212' title='bbox 1309 1858 1349 1895; x_wconf 93' lang='lat' dir='ltr'>in</span> <span class='ocrx_word' id='word_1_213' title='bbox 1377 1868 1469 1896; x_wconf 85' lang='lat' dir='ltr'>arca</span> <span class='ocrx_word' id='word_1_214' title='bbox 1495 1868 1608 1897; x_wconf 84' lang='lat' dir='ltr'>sacra</span> <span class='ocrx_word' id='word_1_215' title='bbox 1635 1856 1770 1908; x_wconf 83' lang='grc' dir='ltr'>(παρέ-</span> 
     </span>
     <span class='ocr_line' id='line_1_26' title="bbox 277 1918 1770 1972; baseline 0.001 -14"><span class='ocrx_word' id='word_1_216' title='bbox 277 1921 392 1970; x_wconf 76' lang='grc' dir='ltr'><em>λαβον</em></span> <span class='ocrx_word' id='word_1_217' title='bbox 422 1919 461 1958; x_wconf 81' lang='grc' dir='ltr'>ἐν</span> <span class='ocrx_word' id='word_1_218' title='bbox 491 1925 535 1972; x_wconf 75' lang='grc' dir='ltr'>τῇ</span> <span class='ocrx_word' id='word_1_219' title='bbox 568 1919 725 1970; x_wconf 66' lang='grc' dir='ltr'><em>κεβωτῷ</em></span> <span class='ocrx_word' id='word_1_220' title='bbox 752 1923 799 1971; x_wconf 80' lang='grc' dir='ltr'>τῇ</span> <span class='ocrx_word' id='word_1_221' title='bbox 829 1919 928 1971; x_wconf 76' lang='grc' dir='ltr'>ἱερᾷ)</span> <span class='ocrx_word' id='word_1_222' title='bbox 964 1924 1162 1959; x_wconf 85' lang='lat' dir='ltr'>asservata</span> <span class='ocrx_word' id='word_1_223' title='bbox 1196 1921 1236 1958; x_wconf 94' lang='lat' dir='ltr'>in</span> <span class='ocrx_word' id='word_1_224' title='bbox 1264 1920 1371 1958; x_wconf 90' lang='lat' dir='ltr'>urnis</span> <span class='ocrx_word' id='word_1_225' title='bbox 1400 1918 1615 1967; x_wconf 81' lang='grc' dir='ltr'>(στάμνοις)</span> <span class='ocrx_word' id='word_1_226' title='bbox 1644 1920 1770 1959; x_wconf 88' lang='lat' dir='ltr'>hiero-</span> 
     </span>
     <span class='ocr_line' id='line_1_27' title="bbox 275 1982 1771 2033; baseline 0.002 -14"><span class='ocrx_word' id='word_1_227' title='bbox 275 1986 375 2033; x_wconf 83' lang='lat' dir='ltr'>poei,</span> <span class='ocrx_word' id='word_1_228' title='bbox 405 1996 486 2022; x_wconf 89' lang='lat' dir='ltr'>cum</span> <span class='ocrx_word' id='word_1_229' title='bbox 518 1984 782 2030; x_wconf 83' lang='lat' dir='ltr'>magistratum</span> <span class='ocrx_word' id='word_1_230' title='bbox 812 1984 964 2030; x_wconf 89' lang='lat' dir='ltr'>inirent,</span> <span class='ocrx_word' id='word_1_231' title='bbox 995 1994 1017 2020; x_wconf 88' lang='lat' dir='ltr'>a</span> <span class='ocrx_word' id='word_1_232' title='bbox 1046 1983 1257 2031; x_wconf 88' lang='lat' dir='ltr'>superioris</span> <span class='ocrx_word' id='word_1_233' title='bbox 1285 1983 1375 2020; x_wconf 91' lang='lat' dir='ltr'>anui</span> <span class='ocrx_word' id='word_1_234' title='bbox 1403 1982 1564 2030; x_wconf 79' lang='lat' dir='ltr'>collegio</span> <span class='ocrx_word' id='word_1_235' title='bbox 1592 1982 1667 2020; x_wconf 89' lang='lat' dir='ltr'>sibi</span> <span class='ocrx_word' id='word_1_236' title='bbox 1694 1987 1771 2022; x_wconf 83' lang='lat' dir='ltr'>tra·</span> 
     </span>
     <span class='ocr_line' id='line_1_28' title="bbox 273 2046 1769 2095; baseline -0.001 -10"><span class='ocrx_word' id='word_1_237' title='bbox 273 2049 353 2086; x_wconf 89' lang='lat' dir='ltr'>‹lita</span> <span class='ocrx_word' id='word_1_238' title='bbox 390 2051 614 2095; x_wconf 84' lang='lat' dir='ltr'>praesente,</span> <span class='ocrx_word' id='word_1_239' title='bbox 658 2051 701 2084; x_wconf 91' lang='lat' dir='ltr'>ut</span> <span class='ocrx_word' id='word_1_240' title='bbox 735 2047 808 2084; x_wconf 89' lang='lat' dir='ltr'>iam</span> <span class='ocrx_word' id='word_1_241' title='bbox 846 2047 943 2093; x_wconf 84' lang='lat' dir='ltr'>dixi,</span> <span class='ocrx_word' id='word_1_242' title='bbox 979 2047 1163 2085; x_wconf 85' lang='lat' dir='ltr'>archonte</span> <span class='ocrx_word' id='word_1_243' title='bbox 1198 2047 1383 2093; x_wconf 85' lang='lat' dir='ltr'>civitatis,</span> <span class='ocrx_word' id='word_1_244' title='bbox 1419 2050 1555 2085; x_wconf 84' lang='lat' dir='ltr'>senatu</span> <span class='ocrx_word' id='word_1_245' title='bbox 1590 2046 1769 2084; x_wconf 87' lang='lat' dir='ltr'>universo</span> 
     </span>
     <span class='ocr_line' id='line_1_29' title="bbox 276 2108 1771 2158; baseline -0.001 -10"><span class='ocrx_word' id='word_1_246' title='bbox 276 2117 367 2153; x_wconf 91' lang='lat' dir='ltr'>(non</span> <span class='ocrx_word' id='word_1_247' title='bbox 399 2111 519 2148; x_wconf 85' lang='lat' dir='ltr'>solum</span> <span class='ocrx_word' id='word_1_248' title='bbox 550 2110 790 2157; x_wconf 66' lang='lat' dir='ltr'>prytanibus,</span> <span class='ocrx_word' id='word_1_249' title='bbox 819 2114 859 2147; x_wconf 91' lang='lat' dir='ltr'>ut</span> <span class='ocrx_word' id='word_1_250' title='bbox 889 2111 926 2147; x_wconf 91' lang='lat' dir='ltr'>in</span> <span class='ocrx_word' id='word_1_251' title='bbox 957 2110 1116 2157; x_wconf 84' lang='lat' dir='ltr'>singulis</span> <span class='ocrx_word' id='word_1_252' title='bbox 1145 2110 1393 2158; x_wconf 86' lang='lat' dir='ltr'>pecuniarum</span> <span class='ocrx_word' id='word_1_253' title='bbox 1423 2110 1578 2147; x_wconf 86' lang='lat' dir='ltr'>summis</span> <span class='ocrx_word' id='word_1_254' title='bbox 1607 2111 1646 2147; x_wconf 87' lang='lat' dir='ltr'>et</span> <span class='ocrx_word' id='word_1_255' title='bbox 1672 2108 1771 2146; x_wconf 88' lang='lat' dir='ltr'>acci-</span> 
     </span>
     <span class='ocr_line' id='line_1_30' title="bbox 276 2170 1774 2221; baseline -0.001 -10"><span class='ocrx_word' id='word_1_256' title='bbox 276 2173 426 2221; x_wconf 78' lang='lat' dir='ltr'>piendis</span> <span class='ocrx_word' id='word_1_257' title='bbox 456 2178 494 2211; x_wconf 82' lang='lat' dir='ltr'>et</span> <span class='ocrx_word' id='word_1_258' title='bbox 530 2173 779 2220; x_wconf 69' lang='lat' dir='ltr'>pendentiis),</span> <span class='ocrx_word' id='word_1_259' title='bbox 815 2173 951 2211; x_wconf 88' lang='lat' dir='ltr'>scribis</span> <span class='ocrx_word' id='word_1_260' title='bbox 986 2172 1171 2211; x_wconf 89' lang='lat' dir='ltr'>ambobus</span> <span class='ocrx_word' id='word_1_261' title='bbox 1208 2194 1257 2199; x_wconf 91' lang='lat'><em>—</em></span> <span class='ocrx_word' id='word_1_262' title='bbox 1293 2172 1586 2220; x_wconf 89' lang='lat' dir='ltr'>hieropoeorum</span> <span class='ocrx_word' id='word_1_263' title='bbox 1627 2175 1666 2210; x_wconf 89' lang='lat' dir='ltr'>et</span> <span class='ocrx_word' id='word_1_264' title='bbox 1705 2170 1774 2220; x_wconf 78' lang='grc' dir='ltr'>τῆς</span> 
     </span>
     <span class='ocr_line' id='line_1_31' title="bbox 278 2236 1773 2284; baseline 0 -12"><span class='ocrx_word' id='word_1_265' title='bbox 278 2236 440 2278; x_wconf 73' lang='grc' dir='ltr'><em>πόλεως.</em></span> <span class='ocrx_word' id='word_1_266' title='bbox 497 2236 631 2283; x_wconf 86' lang='lat' dir='ltr'>Neque</span> <span class='ocrx_word' id='word_1_267' title='bbox 662 2236 782 2274; x_wconf 77' lang='lat' dir='ltr'>solnm</span> <span class='ocrx_word' id='word_1_268' title='bbox 818 2237 936 2274; x_wconf 86' lang='lat' dir='ltr'>totius</span> <span class='ocrx_word' id='word_1_269' title='bbox 969 2237 1156 2284; x_wconf 85' lang='lat' dir='ltr'>pecuniae</span> <span class='ocrx_word' id='word_1_270' title='bbox 1185 2246 1333 2274; x_wconf 81' lang='lat' dir='ltr'>summa</span> <span class='ocrx_word' id='word_1_271' title='bbox 1365 2238 1589 2273; x_wconf 87' lang='lat' dir='ltr'>numeratur</span> <span class='ocrx_word' id='word_1_272' title='bbox 1621 2237 1661 2273; x_wconf 89' lang='lat' dir='ltr'>et</span> <span class='ocrx_word' id='word_1_273' title='bbox 1685 2244 1773 2282; x_wconf 85' lang='lat' dir='ltr'>per-</span> 
     </span>
     <span class='ocr_line' id='line_1_32' title="bbox 276 2295 1771 2346; baseline -0.002 -10"><span class='ocrx_word' id='word_1_274' title='bbox 276 2299 477 2345; x_wconf 82' lang='lat' dir='ltr'>scribitur,</span> <span class='ocrx_word' id='word_1_275' title='bbox 515 2303 557 2336; x_wconf 89' lang='lat' dir='ltr'>ut</span> <span class='ocrx_word' id='word_1_276' title='bbox 594 2298 676 2336; x_wconf 79' lang='lat' dir='ltr'>fieri</span> <span class='ocrx_word' id='word_1_277' title='bbox 706 2298 855 2336; x_wconf 82' lang='lat' dir='ltr'>solebat</span> <span class='ocrx_word' id='word_1_278' title='bbox 890 2300 927 2336; x_wconf 95' lang='lat' dir='ltr'>in</span> <span class='ocrx_word' id='word_1_279' title='bbox 957 2298 1172 2336; x_wconf 88' lang='lat' dir='ltr'>rationibus</span> <span class='ocrx_word' id='word_1_280' title='bbox 1201 2297 1532 2346; x_wconf 79' lang='lat' dir='ltr'>amphictyonum,</span> <span class='ocrx_word' id='word_1_281' title='bbox 1560 2295 1628 2335; x_wconf 87' lang='lat' dir='ltr'>sed</span> <span class='ocrx_word' id='word_1_282' title='bbox 1656 2296 1771 2334; x_wconf 78' lang='lat' dir='ltr'>etiam</span> 
     </span>
     <span class='ocr_line' id='line_1_33' title="bbox 278 2354 1771 2410; baseline -0.001 -11"><span class='ocrx_word' id='word_1_283' title='bbox 278 2363 496 2409; x_wconf 82' lang='lat' dir='ltr'>singulatim</span> <span class='ocrx_word' id='word_1_284' title='bbox 519 2374 616 2400; x_wconf 89' lang='lat' dir='ltr'>urna</span> <span class='ocrx_word' id='word_1_285' title='bbox 636 2373 890 2410; x_wconf 87' lang='lat' dir='ltr'>unaquaeque</span> <span class='ocrx_word' id='word_1_286' title='bbox 911 2362 1130 2409; x_wconf 88' lang='lat' dir='ltr'>appellatur</span> <span class='ocrx_word' id='word_1_287' title='bbox 1149 2372 1233 2399; x_wconf 91' lang='lat' dir='ltr'>cum</span> <span class='ocrx_word' id='word_1_288' title='bbox 1254 2361 1366 2398; x_wconf 91' lang='lat' dir='ltr'>titulo</span> <span class='ocrx_word' id='word_1_289' title='bbox 1386 2371 1455 2398; x_wconf 89' lang='lat' dir='ltr'>suo</span> <span class='ocrx_word' id='word_1_290' title='bbox 1476 2355 1538 2405; x_wconf 82' lang='grc' dir='ltr'>(οὗ</span> <span class='ocrx_word' id='word_1_291' title='bbox 1552 2354 1771 2408; x_wconf 75' lang='grc' dir='ltr'><strong><em>ἐπιγραφή),</em></strong></span> 
     </span>
     <span class='ocr_line' id='line_1_34' title="bbox 279 2421 1771 2472; baseline -0.003 -11"><span class='ocrx_word' id='word_1_292' title='bbox 279 2424 380 2462; x_wconf 88' lang='lat' dir='ltr'>unde</span> <span class='ocrx_word' id='word_1_293' title='bbox 411 2425 458 2461; x_wconf 83' lang='lat' dir='ltr'>sit</span> <span class='ocrx_word' id='word_1_294' title='bbox 489 2429 660 2472; x_wconf 84' lang='lat' dir='ltr'>accepta,</span> <span class='ocrx_word' id='word_1_295' title='bbox 691 2436 713 2462; x_wconf 90' lang='lat' dir='ltr'>a</span> <span class='ocrx_word' id='word_1_296' title='bbox 743 2424 881 2472; x_wconf 83' lang='lat' dir='ltr'>quibus</span> <span class='ocrx_word' id='word_1_297' title='bbox 911 2424 1109 2471; x_wconf 85' lang='lat' dir='ltr'>trapezitis</span> <span class='ocrx_word' id='word_1_298' title='bbox 1138 2422 1295 2469; x_wconf 86' lang='lat' dir='ltr'>tradita,</span> <span class='ocrx_word' id='word_1_299' title='bbox 1323 2434 1347 2460; x_wconf 89' lang='lat' dir='ltr'>a</span> <span class='ocrx_word' id='word_1_300' title='bbox 1375 2434 1450 2471; x_wconf 91' lang='lat' dir='ltr'>quo</span> <span class='ocrx_word' id='word_1_301' title='bbox 1478 2421 1771 2470; x_wconf 86' lang='lat' dir='ltr'>hieropoeorum</span> 
     </span>
     <span class='ocr_line' id='line_1_35' title="bbox 274 2483 1771 2535; baseline -0.001 -12"><span class='ocrx_word' id='word_1_302' title='bbox 274 2487 331 2525; x_wconf 79' lang='lat' dir='ltr'>vel</span> <span class='ocrx_word' id='word_1_303' title='bbox 370 2492 615 2534; x_wconf 84' lang='lat' dir='ltr'>quaestorum</span> <span class='ocrx_word' id='word_1_304' title='bbox 652 2488 813 2535; x_wconf 83' lang='lat' dir='ltr'>collegio</span> <span class='ocrx_word' id='word_1_305' title='bbox 851 2487 958 2525; x_wconf 89' lang='lat' dir='ltr'>illata</span> <span class='ocrx_word' id='word_1_306' title='bbox 994 2486 1200 2530; x_wconf 84' lang='lat' dir='ltr'>(interdum</span> <span class='ocrx_word' id='word_1_307' title='bbox 1238 2487 1352 2525; x_wconf 87' lang='lat' dir='ltr'>etiam</span> <span class='ocrx_word' id='word_1_308' title='bbox 1388 2485 1584 2524; x_wconf 86' lang='lat' dir='ltr'>archontis</span> <span class='ocrx_word' id='word_1_309' title='bbox 1619 2483 1771 2522; x_wconf 88' lang='lat' dir='ltr'>nomine</span> 
     </span>
     <span class='ocr_line' id='line_1_36' title="bbox 277 2545 1773 2598; baseline -0.003 -11"><span class='ocrx_word' id='word_1_310' title='bbox 277 2555 314 2587; x_wconf 88' lang='lat' dir='ltr'>et</span> <span class='ocrx_word' id='word_1_311' title='bbox 343 2561 471 2588; x_wconf 77' lang='lat' dir='ltr'>mense</span> <span class='ocrx_word' id='word_1_312' title='bbox 501 2550 665 2595; x_wconf 63' lang='lat' dir='ltr'>addito),</span> <span class='ocrx_word' id='word_1_313' title='bbox 696 2555 876 2598; x_wconf 86' lang='lat' dir='ltr'>quantam</span> <span class='ocrx_word' id='word_1_314' title='bbox 907 2551 1092 2598; x_wconf 87' lang='lat' dir='ltr'>pecuniae</span> <span class='ocrx_word' id='word_1_315' title='bbox 1122 2561 1306 2588; x_wconf 89' lang='lat' dir='ltr'>summam</span> <span class='ocrx_word' id='word_1_316' title='bbox 1335 2549 1580 2587; x_wconf 88' lang='lat' dir='ltr'>continuerit.</span> <span class='ocrx_word' id='word_1_317' title='bbox 1627 2545 1773 2585; x_wconf 86' lang='lat' dir='ltr'>Carent</span> 
     </span>
     <span class='ocr_line' id='line_1_37' title="bbox 278 2612 1772 2661; baseline -0.002 -11"><span class='ocrx_word' id='word_1_318' title='bbox 278 2613 495 2651; x_wconf 87' lang='lat' dir='ltr'>nominibus</span> <span class='ocrx_word' id='word_1_319' title='bbox 516 2614 807 2659; x_wconf 81' lang='lat' dir='ltr'>magistratuum</span> <span class='ocrx_word' id='word_1_320' title='bbox 829 2618 944 2661; x_wconf 84' lang='lat' dir='ltr'>atque</span> <span class='ocrx_word' id='word_1_321' title='bbox 973 2613 1252 2660; x_wconf 84' lang='lat' dir='ltr'>negotiatorum</span> <span class='ocrx_word' id='word_1_322' title='bbox 1281 2622 1427 2660; x_wconf 87' lang='lat' dir='ltr'>paucae</span> <span class='ocrx_word' id='word_1_323' title='bbox 1452 2621 1585 2657; x_wconf 88' lang='lat' dir='ltr'>urnae,</span> <span class='ocrx_word' id='word_1_324' title='bbox 1611 2612 1772 2658; x_wconf 80' lang='lat' dir='ltr'>argento</span> 
     </span>
     <span class='ocr_line' id='line_1_38' title="bbox 275 2673 1772 2722; baseline -0.002 -9"><span class='ocrx_word' id='word_1_325' title='bbox 275 2675 447 2722; x_wconf 80' lang='lat' dir='ltr'>repletae</span> <span class='ocrx_word' id='word_1_326' title='bbox 485 2679 594 2713; x_wconf 86' lang='lat' dir='ltr'>extra</span> <span class='ocrx_word' id='word_1_327' title='bbox 632 2675 794 2712; x_wconf 88' lang='lat' dir='ltr'>insulam</span> <span class='ocrx_word' id='word_1_328' title='bbox 824 2674 919 2711; x_wconf 89' lang='lat' dir='ltr'>Teni</span> <span class='ocrx_word' id='word_1_329' title='bbox 949 2678 1017 2711; x_wconf 88' lang='lat' dir='ltr'>aut</span> <span class='ocrx_word' id='word_1_330' title='bbox 1044 2673 1198 2711; x_wconf 84' lang='lat' dir='ltr'>Minoae</span> <span class='ocrx_word' id='word_1_331' title='bbox 1229 2676 1431 2721; x_wconf 85' lang='lat' dir='ltr'>percepto,</span> <span class='ocrx_word' id='word_1_332' title='bbox 1458 2676 1617 2721; x_wconf 81' lang='lat' dir='ltr'>praeter</span> <span class='ocrx_word' id='word_1_333' title='bbox 1643 2683 1772 2714; x_wconf 80' lang='lat' dir='ltr'>unam.</span> 
     </span>
     <span class='ocr_line' id='line_1_39' title="bbox 275 2733 1771 2785; baseline 0 -11"><span class='ocrx_word' id='word_1_334' title='bbox 275 2737 311 2774; x_wconf 91' lang='lat' dir='ltr'>in</span> <span class='ocrx_word' id='word_1_335' title='bbox 355 2749 469 2785; x_wconf 86' lang='lat' dir='ltr'>quam</span> <span class='ocrx_word' id='word_1_336' title='bbox 511 2749 557 2775; x_wconf 86' lang='lat' dir='ltr'>ex</span> <span class='ocrx_word' id='word_1_337' title='bbox 600 2736 730 2775; x_wconf 87' lang='lat' dir='ltr'>decem</span> <span class='ocrx_word' id='word_1_338' title='bbox 772 2737 858 2774; x_wconf 87' lang='lat' dir='ltr'>aliis</span> <span class='ocrx_word' id='word_1_339' title='bbox 894 2747 992 2783; x_wconf 89' lang='lat' dir='ltr'>quae</span> <span class='ocrx_word' id='word_1_340' title='bbox 1028 2735 1204 2774; x_wconf 85' lang='lat' dir='ltr'>residuae</span> <span class='ocrx_word' id='word_1_341' title='bbox 1241 2739 1352 2774; x_wconf 86' lang='lat' dir='ltr'>erant</span> <span class='ocrx_word' id='word_1_342' title='bbox 1386 2735 1573 2783; x_wconf 83' lang='lat' dir='ltr'>pecuniae</span> <span class='ocrx_word' id='word_1_343' title='bbox 1607 2733 1771 2774; x_wconf 71' lang='lat' dir='ltr'>collatae</span> 
     </span>
    </p>
   </div>
  </div>
 </body>
</html>
