1979 3326
738 304 1044 344 —129—

250 431 385 479 Neque
419 431 544 468 minus
578 428 783 476 ambigitur
817 428 863 466 de
898 439 1053 465 munere
1100 428 1377 475 logistarum
1421 424 1639 476 (λογισταί).

151 494 351 532 Facillime
379 493 544 531 animum
572 491 768 529 induxeris
804 490 936 529 eodem
965 501 1048 528 esse
1086 501 1150 527 eos
1189 488 1312 528 officio
1340 489 1490 527 functos
1525 494 1640 537 atque

149 557 440 596 Atheniensium
480 556 725 603 magistratus
766 554 878 591 huius
920 554 1082 591 nominis
1124 553 1361 596 notissimos,
1412 553 1640 600 praesertim

151 621 293 658 cumin
321 621 475 658 civitate
497 618 655 664 deliaca,
684 617 750 654 ubi
777 621 835 655 tot
852 617 1098 664 magistratus
1126 617 1299 664 pecuniis
1328 615 1640 653 administrandis

150 693 306 731 operam
334 682 495 730 dabant,
531 685 683 720 exstare
718 681 892 719 debuerit
927 681 1144 728 collegium,
1182 679 1284 727 quod
1312 680 1479 716 rationes
1517 678 1564 716 ab
1594 679 1640 715 iis

148 746 320 784 redditas
349 746 543 794 probaret.
587 745 662 784 Sed
689 749 803 793 negat
822 744 927 782 Nenz
956 744 1032 781 tale
1060 743 1178 780 fuisse
1199 754 1329 780 eorum
1357 753 1492 779 munus
1523 745 1639 788 atque

149 810 343 847 ministros
385 820 604 857 agnoscere·
633 808 705 846 sibi
745 807 897 845 videtur
936 807 1069 854 templi
1112 805 1298 854 quosdam
1340 805 1513 842 mercede
1551 815 1639 842 con-

151 871 364 917 ductos:⁷⁷)
391 872 464 910 hoc
491 876 595 910 certe
614 871 750 910 falsum
780 875 849 918 est,
878 882 963 908 cum
983 881 1058 908 non
1087 880 1231 907 merces
1251 870 1298 906 iis
1327 879 1447 916 pensa
1475 868 1638 913 dicatur,

150 934 218 973 sed
245 931 383 985 ἐφόδια
409 946 684 983 sexagenarum
704 934 969 972 drachmarum
989 933 1161 981 singulis,
1171 932 1218 979 ⁷8)
1249 934 1387 970 viatica
1407 937 1532 970 autem
1555 931 1639 968 dari

153 999 229 1036 sint
257 999 372 1036 solita
401 999 512 1036 etiam
542 999 678 1046 legatis
707 996 941 1044 civitatis,⁷⁹)
971 1008 1065 1045 quos
1094 1008 1203 1034 nemo
1233 996 1358 1034 dicere
1388 995 1529 1033 audeat
1557 1006 1639 1032 esse

150 1061 326 1100 mercede
355 1062 574 1100 conductos.
616 1062 833 1107 Praeterea,
855 1060 956 1108 quod
977 1060 1127 1108 quidem
1148 1060 1254 1097 Nenz
1275 1060 1372 1097 scire
1399 1070 1474 1096 non
1502 1058 1640 1105 potuit,

150 1123 285 1162 Phillis
314 1124 485 1162 Posidici
511 1124 559 1171 f.‚
594 1125 731 1172 logista
760 1136 792 1162 a.
823 1128 914 1170 269,
952 1127 1010 1161 est
1043 1123 1270 1170 hieropoeus
1306 1126 1459 1160 creatus
1488 1132 1521 1158 a.
1553 1125 1639 1166 268,

150 1187 294 1226 archon
323 1188 438 1225 etiam
457 1199 491 1226 a.
513 1192 585 1226 259
615 1192 833 1235 (paternum
852 1198 989 1224 nomen
1009 1197 1160 1234 semper
1180 1185 1428 1229 adscribitur)
1459 1188 1506 1231 et,
1537 1183 1640 1231 quod

149 1251 301 1298 gravius
330 1252 442 1289 etiam
471 1251 638 1298 videtur,
672 1251 909 1288 Xenocrates
938 1249 1198 1287 Hierombroti
1226 1248 1270 1294 f.‚
1307 1249 1371 1296 qui
1406 1249 1480 1285 iam
1509 1258 1542 1285 a.
1568 1251 1640 1284 252

151 1313 346 1362 hieropoei
367 1319 450 1352 erat
477 1325 633 1351 munere
654 1313 817 1359 functus,
847 1313 994 1351 duobus
1014 1316 1102 1360 post
1130 1313 1239 1350 annis
1259 1312 1398 1358 logista
1416 1310 1540 1348 factus
1570 1314 1640 1356 est,

150 1375 316 1414 fortasse
334 1377 446 1414 etiam
463 1377 605 1414 archon
620 1388 652 1415 a.
664 1381 736 1413 244
754 1376 829 1419 (1110
844 1376 942 1413 enim
957 1376 1078 1422 patris
1094 1386 1230 1412 nomen
1247 1373 1504 1418 omissum).80)
1520 1373 1642 1420 Magi-

153 1442 296 1477 stratus
315 1439 442 1486 igitur,
464 1451 574 1487 quem
595 1450 641 1477 ne
662 1439 696 1476 ei
717 1438 880 1486 quidem,
903 1439 967 1485 qui
986 1437 1183 1485 hieropoei
1203 1449 1359 1474 munere
1380 1436 1499 1474 functi
1521 1441 1642 1483 erant,

150 1501 456 1550 aspernabantur
484 1506 522 1540 et
549 1513 572 1540 a
593 1513 667 1549 quo
687 1501 735 1539 ad
763 1513 928 1539 summos
956 1502 994 1538 in
1014 1500 1213 1548 republica
1242 1500 1405 1538 honores
1433 1499 1640 1537 escendere

150 1564 302 1612 licebat,
331 1575 408 1602 non
429 1568 513 1602 erat
539 1564 730 1602 hominum
750 1564 1112 1601 mercennariorum.
1156 1562 1449 1600 eoncedendum
1471 1567 1527 1600 est
1550 1574 1642 1600 sane

150 1627 297 1665 Nenzio
325 1628 389 1664 vix
416 1638 528 1674 posse
548 1637 702 1665 causam
724 1627 944 1673 excogitari,
974 1637 1041 1663 cur
1060 1627 1201 1664 viatica
1219 1626 1379 1673 legistae
1408 1626 1639 1673 acceperint,

151 1690 183 1728 si
209 1701 340 1728 eorum
368 1690 564 1737 provincia
584 1689 724 1727 eisdem
754 1689 890 1737 quibus
910 1690 1134 1736 logistarum
1154 1691 1355 1727 atticorum
1378 1693 1461 1726 erat
1481 1690 1639 1726 circum-

151 1753 296 1800 scripta
313 1751 464 1790 finibus.
507 1751 547 1790 Si
566 1753 681 1800 igitur
701 1752 823 1790 credit
850 1752 954 1789 Nenz
975 1752 1092 1790 fuisse
1113 1764 1177 1790 eos
1201 1753 1471 1800 »pecuniarum
1498 1752 1640 1799 templo

153 1815 368 1854 debitarum
389 1819 586 1854 exactores
604 1819 641 1853 et
660 1815 875 1853 tabularum
891 1816 1023 1863 templi
1039 1815 1184 1853 reditus
1204 1827 1351 1853 annuos
1369 1816 1640 1852 continentium

150 1883 366 1926 auctores«,
394 1890 469 1916 non
494 1879 628 1926 habeo,
658 1878 759 1926 quod
787 1882 921 1916 contra
950 1878 1084 1924 dicam,
1114 1879 1186 1915 nisi
1215 1878 1307 1914 nihil
1337 1877 1382 1915 de
1404 1882 1566 1925 utraque
1595 1889 1636 1915 re

153 1943 356 1980 memoriae
385 1953 468 1980 esse
495 1941 688 1980 traditum.
745 1941 796 1979 Et
824 1942 985 1989 primum
1015 1941 1166 1989 quidem
1193 1941 1378 1988 pecuniae
1407 1953 1430 1978 a
1458 1941 1639 1978 debitori-

154 2005 226 2043 bus
255 2005 316 2044 dei
344 2004 551 2053 exigendae
571 2015 706 2042 munus
734 2015 810 2042 non
828 2005 922 2042 satis
951 2004 1150 2052 probabile
1179 2003 1269 2040 mihi
1290 2003 1440 2041 videtur
1469 2008 1505 2041 et
1525 2003 1639 2041 credo

323 2135 581 2170 Archontes
1056 2135 1294 2178 Epistatae

242 2192 424 2238 Empedus
447 2202 479 2227 a.
510 2194 585 2228 187:
760 2192 1030 2235 Agesimbrotus
1057 2191 1211 2237 (Demar.
1237 2191 1305 2226 inv.
1332 2191 1352 2225 l.
1384 2194 1469 2233 173).

243 2250 449 2285 Phocaeeus
474 2249 490 2284 I
515 2259 546 2283 a.
575 2251 654 2283 181:
761 2248 998 2283 Diactorides.

243 2307 453 2342 Xenotimus
478 2317 509 2341 a.
540 2309 617 2342 179:
761 2305 976 2341 Milichides.

245 2364 386 2400 Oeneus
416 2374 447 2399 a.
478 2367 558 2400 178:
766 2363 1007 2408 Philonymus.

243 2421 450 2456 Phocaeeus
474 2421 508 2455 H
534 2431 564 2456 a.
595 2424 673 2457 177:
761 2422 969 2466 Apaturius.

242 2479 438 2515 Periander
461 2489 492 2514 a.
522 2482 601 2516 173:
762 2479 986 2514 Democritus
1019 2479 1230 2514 Timocratis
1262 2478 1284 2513 f.
1324 2479 1451 2522 (ultimi
1486 2479 1642 2522 quinque

831 2542 913 2571 sunt
931 2547 1050 2571 omues
1068 2548 1111 2571 ex
1129 2537 1297 2571 Homollii
1322 2536 1423 2570 fastis
1442 2535 1641 2579 desumpti).

244 2594 287 2639 ⁷⁷)
312 2593 422 2628 Nenz.
448 2594 591 2637 Quaest.
617 2595 684 2630 del.
711 2606 743 2640 p.
775 2598 824 2630 13.
918 2596 964 2636 ⁷⁸)
990 2595 1129 2629 Demar.
1156 2595 1250 2630 arch.
1279 2601 1343 2628 rat.
1370 2594 1429 2628 liu.
1453 2597 1642 2628 203—204.

245 2651 290 2694 ⁷⁹)
317 2651 386 2686 cfr.
412 2652 565 2696 exempli
590 2652 721 2696 gratia:
748 2653 784 2687 C.
800 2652 826 2687 1.
840 2653 882 2686 A.
909 2653 953 2694 11,
976 2653 1050 2695 151),
1076 2652 1135 2686 lin.
1159 2655 1290 2687 11—12
1315 2657 1377 2686 aut
1401 2653 1478 2687 311.
1504 2651 1642 2685 liu-19:

156 2707 276 2741 δοῦναι
301 2708 340 2741 δὲ
364 2707 496 2752 ἐφόδια
522 2711 596 2743 τῶν
623 2709 817 2753 πρέσβεων
844 2710 985 2754 ἑκάστῳ
1010 2710 1052 2742 τὸ
1079 2711 1308 2752 τεταγμένον.
1402 2709 1446 2744 30)
1474 2707 1527 2741 Ad
1554 2708 1641 2741 haec

157 2763 219 2799 cfr.
243 2764 354 2800 fastos
378 2765 533 2801 deliacos
558 2767 602 2801 ab
628 2767 803 2802 Homollio
829 2767 1055 2811 compositos.

224 2828 258 2854 B.
279 2828 321 2855 51.
354 2828 402 2855 1x.
436 2830 460 2856 1.
1329 2824 1350 2857 9
