1979 3326
743 246 1026 287 —23....

131 371 235 409 mina
262 371 459 419 leguntur,
489 381 651 419 quorum
678 382 777 408 unus
806 371 864 408 vir
891 370 1058 415 Naxius,
1089 369 1183 407 Chio
1212 370 1339 408 insula
1368 370 1521 408 oriundi
1549 370 1638 417 duo,

133 433 268 471 Delius
306 455 352 460 —
389 445 519 479 nem03
559 434 636 471 tria
677 436 766 471 sunt
805 434 1042 480 privatorum
1084 433 1277 470 hominum
1319 433 1530 471 Naxiorum
1572 436 1640 471 aut

135 496 317 535 Chiorum
344 492 595 546 ἀναθήματα,
631 508 747 533 unum
785 500 843 534 est
871 496 1108 543 reipublicae
1137 496 1305 542 Naxiae,
1343 495 1506 534 hominis
1534 496 1639 533 Delii

132 559 196 597 vel
225 559 390 596 civitatis
409 558 592 596 Deliacae
626 581 661 584 —
698 558 856 596 nullum.
898 558 999 596 Satis
1024 558 1118 596 haec
1145 569 1215 606 pro
1237 569 1276 595 se
1305 559 1391 606 ipsa
1410 559 1637 606 loquuntur:

130 625 363 660 venerantur
391 632 540 660 sacram
569 622 731 660 insulam
761 622 839 669 alii,
869 632 945 659 non
973 621 1094 667 Delii3
1125 624 1315 659 exornant
1343 619 1446 671 ἱερὸν
1477 620 1636 671 τέμενος

134 685 325 733 Apollinis
355 684 536 733 operibus
565 685 613 723 ab
642 685 867 732 alienigenis
896 683 1028 731 factis,
1066 696 1142 722 non
1170 696 1192 722 a
1220 683 1363 730 Deliis3
1399 683 1639 731 locupletant

132 748 315 795 templum
351 748 415 786 dei
443 748 553 787 donis
590 750 669 787 suis
698 749 782 795 alii,
817 759 893 786 non
921 747 1035 785 Delii.
1092 748 1198 794 Quae
1234 747 1363 792 omnia
1389 747 1483 784 satis
1512 751 1636 794 grato,

127 810 263 858 credo,
299 814 388 849 sunt
420 813 596 860 perpessi
631 813 773 850 animo:
809 812 942 859 itaque
980 822 1055 849 non
1092 814 1168 857 est,
1204 821 1273 848 eur
1309 810 1635 856 commiseremur‚

129 873 232 921 quod
266 877 405 921 postea
440 875 554 912 etiam
594 886 722 912 rerum
756 874 890 921 templi
925 873 1208 912 administratio
1243 876 1358 921 atque
1396 873 1635 911 sollemnium

127 937 227 975 actio
256 937 342 975 aliis
370 938 627 985 contigerunt,
655 948 731 974 non
761 936 894 974 Deliis.

846 1267 917 1320 Π.

228 1378 313 1416 Hoc
346 1381 539 1426 tempore,
582 1389 696 1425 quum
735 1379 809 1416 iam
846 1378 1080 1416 Graecorum
1117 1379 1292 1416 civitates
1326 1378 1366 1414 in
1400 1377 1518 1415 Asiae
1554 1378 1631 1415 oris

125 1441 222 1479 sitae
255 1441 480 1489 insulaeque
501 1440 722 1478 adiacentes
751 1440 821 1478 sub
842 1441 1048 1479 Persarum
1069 1444 1262 1489 potestate
1292 1444 1432 1487 essent,
1462 1441 1631 1478 necessi-

124 1507 205 1542 tate
235 1504 367 1551 magis‚
397 1515 509 1551 quam
539 1503 754 1551 imperandi
774 1504 986 1552 cupiditate
1014 1503 1157 1542 factum
1179 1508 1249 1552 est,
1277 1508 1320 1542 ut
1340 1503 1482 1541 Persae
1511 1506 1629 1540 totam

127 1566 332 1605 Graeciam
367 1566 438 1604 sub
480 1566 667 1605 dicionem
710 1578 815 1605 suam
852 1567 1028 1615 redigere
1064 1571 1308 1606 conarentur.
1372 1566 1470 1603 Nam
1507 1578 1630 1614 neque

126 1629 200 1668 hac
228 1641 276 1667 ex
303 1632 414 1677 parte
443 1629 562 1667 Darei
590 1641 708 1676 regno
737 1634 867 1668 certus
896 1629 982 1668 finis
1011 1642 1034 1668 a
1068 1634 1209 1668 natura
1241 1631 1328 1678 ipsa
1354 1630 1504 1677 positus
1535 1634 1630 1675 erat,

123 1703 243 1740 quum
279 1703 386 1731 mare
422 1692 515 1730 alibi
551 1692 813 1740 dissociabile,
848 1696 891 1730 ut
926 1694 980 1731 ait
1014 1693 1218 1740 Horatius,
1256 1693 1318 1730 hic
1351 1693 1480 1740 potius
1514 1696 1630 1740 ponte

129 1756 240 1804 quasi
285 1756 487 1794 interiecto
536 1756 667 1794 littora
711 1756 829 1794 Asiae
876 1756 1135 1804 Europaeque
1183 1758 1451 1804 coniungeret,
1505 1766 1630 1804 neque

123 1818 218 1856 satis
260 1821 385 1856 tutum
422 1829 506 1856 esse
540 1821 694 1865 poterat
729 1818 936 1857 Persarum
970 1820 1172 1867 imperium
1210 1831 1232 1858 a
1266 1819 1521 1865 Graecorum,
1565 1820 1631 1867 qui

125 1881 253 1920 Asiam
295 1881 532 1928 incolebant,
568 1881 821 1920 seditionibus
856 1882 930 1920 nisi
965 1886 1046 1920 tota
1080 1882 1245 1921 Graecia
1279 1883 1441 1921 subacta
1482 1893 1629 1920 omnem

122 1945 170 1982 iis
212 1955 317 1992 spem
359 1944 551 1983 libertatis
594 1945 886 1993 recuperandae
928 1945 1142 1991 demerent3
1183 1946 1411 1991 accedebat,
1454 1945 1556 1993 quod
1594 1949 1631 1983 et

122 2007 261 2045 Graeci
293 2007 387 2055 ipsi,
431 2018 584 2055 semper
619 2008 795 2046 civilibus
831 2008 1033 2047 discordiis
1072 2010 1275 2056 exagitati,
1318 2008 1493 2047 omnibus
1536 2011 1630 2046 tem-

118 2069 278 2118 poribus
313 2070 442 2118 parati
478 2073 607 2108 essent
639 2071 790 2118 patriae
825 2070 1044 2109 libertatem
1079 2073 1249 2119 partium
1284 2071 1492 2110 commodis
1522 2076 1628 2120 post-

122 2144 267 2180 ponere
305 2143 351 2171 ac
386 2132 589 2171 dummodo
631 2145 813 2171 summam
855 2135 1021 2172 civitatis
1064 2134 1301 2182 obtinerent,
1345 2136 1491 2173 alienas
1534 2147 1628 2182 opes

120 2195 339 2235 adsciscere
380 2196 419 2234 in
461 2197 657 2235 auxilium.
721 2197 868 2244 Quibus
903 2199 1029 2236 causis
1065 2199 1228 2246 aliisque
1263 2198 1475 2236 minoribus
1511 2203 1627 2246 atque

123 2257 293 2297 fortuitis
323 2259 498 2297 effectum
527 2263 597 2308 est,
626 2264 669 2298 ut
687 2261 798 2298 initio
819 2261 963 2298 saeculi
984 2262 1108 2309 quinti
1127 2261 1375 2299 memorabile
1396 2262 1491 2300 illud
1510 2263 1628 2300 Asiae

118 2320 377 2369 Europaeque
415 2321 558 2360 bellum
595 2321 886 2370 exardesceret,
922 2324 1030 2360 euius
1067 2323 1178 2361 nobis
1214 2336 1355 2372 praeco
1391 2325 1627 2363 clarissimus

119 2386 246 2422 exstat
282 2383 516 2423 Herodotus.
578 2385 664 2422 Non
705 2384 768 2422 hic
807 2388 911 2423 certe
955 2385 1061 2423 locus
1104 2390 1160 2424 est
1203 2387 1306 2424 illius
1344 2387 1626 2426 vicissitudines

118 2446 269 2495 longius
301 2447 581 2496 persequendi:
612 2459 742 2486 eorum
777 2448 1039 2487 tantummodo
1074 2451 1304 2487 mentionem
1338 2449 1495 2496 faciam,
1529 2461 1626 2498 quae

117 2508 168 2548 ad
196 2508 334 2548 Delum
361 2510 483 2558 ipsam
512 2512 688 2549 attinent.

221 2571 391 2611 Auctore
425 2573 667 2621 Herodot01)
710 2577 748 2612 et
788 2574 960 2613 ereditur
995 2579 1034 2614 et
1069 2579 1251 2614 narratur
1287 2576 1368 2614 sine
1404 2576 1483 2614 ulla
1518 2576 1626 2614 dubi-

210 2709 236 2755 ι)
261 2709 433 2745 Herodot.
459 2709 521 2755 VI,
545 2710 600 2746 97.
