1979 3326
737 290 1020 331 —33-

125 417 205 452 tres
233 424 363 451 mense
393 414 645 451 intercalario
677 417 929 462 augerentur,
964 414 1233 460 cognitumque
1268 413 1453 451 habemus
1482 424 1560 451 non
1589 413 1637 451 ab

131 476 263 514 eodem
293 475 398 524 apud
427 487 558 514 omnes
587 477 751 524 populos
780 488 880 514 anno
915 488 998 514 eam
1034 488 1118 514 esse
1156 487 1295 514 orsam.
1368 476 1476 522 Quae
1513 477 1544 514 si
1580 489 1637 514 re·

125 543 321 587 putamus,
350 537 530 577 facillimo
560 539 710 577 levatur
737 540 858 577 omnis
887 538 1093 577 difficultas
1121 540 1160 575 in
1189 538 1375 576 fastorum
1403 539 1639 577 deliacorum

125 601 321 639 mensibus
357 612 444 639 cum
472 602 599 639 atticis
634 602 920 650 comparandis:
963 603 995 639 si
1024 613 1164 639 annum
1199 602 1300 648 eius,
1344 603 1409 650 qui
1444 601 1639 640 Cratetem

125 666 360 713 praecessit,
415 665 610 703 archontis
649 665 889 703 Antiochidis
931 664 1049 702 fuisse
1091 665 1362 702 intercalatum
1405 666 1641 712 coniicimus,

128 729 217 766 Deli
246 739 337 766 vero
367 728 593 776 simplicem,
621 728 756 766 tabula
783 728 918 767 confici
945 732 1076 776 potest
1102 729 1204 765 hunc
1231 729 1271 765 in
1299 728 1470 766 modum:

470 793 614 828 Menses
642 793 779 829 deliaci.
1056 793 1167 827 attici.

470 854 644 893 Lenaion
876 873 919 888 =
949 855 1151 893 Gamelion

469 918 610 956 Hieros
876 936 921 951 =
949 918 1229 956 Anthesterion

471 981 662 1019 Galaxion
877 1001 921 1015 =
948 981 1234 1029 Elaphebolion

471 1045 706 1082 Artemision
880 1061 922 1075 =
951 1045 1189 1093 Munychion

469 1108 705 1156 Thargelion
873 1126 917 1140 =
946 1109 1181 1156 Thargelion

469 1171 660 1209 Panemos
869 1188 913 1203 =
942 1172 1217 1219 Scirophorion

882 1237 995 1281 (arch.
1028 1237 1273 1276 Antiochz'des)

470 1298 775 1336 Hecatombaion
874 1314 915 1329 =
945 1299 1255 1337 Hecatombaion

469 1361 750 1409 Metageitnion
871 1382 914 1396 =
943 1362 1223 1410 Metageitnion

470 1424 701 1473 Buphonion
868 1446 912 1460 =
940 1426 1198 1464 Boedromion

477 1489 694 1536 Apaturion
871 1510 914 1525 =
942 1490 1192 1538 Pyanopsion

470 1552 633 1590 Aresion
869 1574 914 1588 =
940 1553 1237 1591 Maimacterion

469 1614 664 1653 Posideon
869 1635 912 1650 =
941 1617 1136 1654 Posideon

459 1681 574 1721 (arch.
605 1681 796 1726 Eupteres)

468 1741 643 1780 Lenaiou
876 1765 920 1779 =
948 1744 1143 1782 Posideon
1165 1742 1353 1793 δεύτερος

470 1803 610 1842 Hieros
878 1825 921 1840 =
950 1806 1151 1845 Gamelion

472 1866 662 1906 Galaxion
874 1890 918 1905 =
947 1870 1224 1907 Anthesterion

471 1931 710 1969 Artemision
876 1953 919 1968 =
947 1932 1232 1980 Elaphebolion

473 1993 709 2042 Thargelion
872 2017 915 2031 =
942 1996 1180 2044 Munychion

474 2055 666 2094 Panemos
875 2079 919 2094 =
947 2059 1182 2106 Thargelion

472 2118 782 2158 Hecatombaion
879 2135 922 2150 =
952 2120 1224 2169 Seii-ophorion

968 2187 1081 2231 (arch.
1114 2186 1254 2231 Crates)

472 2244 753 2293 Metageitnion
877 2266 919 2281 =
948 2248 1254 2286 Hecatombaion

475 2306 706 2355 Buphonion
877 2331 921 2346 =
949 2311 1230 2359 Metageitnion

472 2371 691 2417 Apaturion
872 2388 916 2403 =
944 2373 1203 2411 Boedromion

476 2433 641 2471 Aresion
877 2454 920 2469 =
950 2436 1200 2483 Pyanopsion

475 2494 669 2534 Posideon
877 2517 918 2532 =
947 2499 1244 2537 Maimacterion

476 2555 561 2607 [μὴν
580 2555 844 2608 ἐμβολιμαῖος]
876 2579 917 2594 =
947 2559 1140 2598 Posideon

235 2618 363 2666 Atque
403 2619 637 2667 probantur,
674 2632 772 2668 quae
810 2623 1062 2661 coniectando
1091 2626 1293 2661 assecutus
1322 2634 1423 2669 sum,
1459 2623 1645 2662 Boeckhii

135 2679 175 2717 in
203 2680 314 2718 annis
342 2681 639 2719 intercalaribus
668 2681 853 2721 fastorum
884 2685 1090 2722 atticorum
1119 2685 1387 2733 computandis
1408 2688 1559 2723 ratione
1582 2687 1647 2725 ad-

131 2742 273 2781 hibita:
307 2744 374 2792 qui
402 2755 520 2792 quum
547 2744 825 2784 demonstrarit
851 2746 891 2783 in
919 2748 1021 2785 omni
1050 2747 1278 2796 Olympiade
1308 2750 1456 2786 numeri
1485 2750 1644 2798 imparis

200 2811 235 2838 B.
258 2809 300 2838 St.
333 2811 383 2838 IX.
417 2811 442 2836 1.
1346 2811 1368 2846 3
