1979 3326
858 569 922 622 V.

250 682 376 720 Multo
396 683 517 730 magis
539 693 651 730 quam
671 681 743 719 hae
772 692 847 728 res,
877 691 973 728 quas
1001 680 1065 716 vix
1093 678 1299 716 divinando
1328 679 1483 726 assequi
1511 689 1646 726 possu-

149 758 254 794 mus,
282 747 461 784 instituta
488 745 632 784 liberae
662 744 898 792 reipublicae
935 743 1104 780 deliacae
1134 742 1244 779 nobis
1280 746 1369 779 sunt
1404 742 1574 789 cognita,
1611 746 1649 778 et

149 820 368 858 quanquam
388 809 555 846 nondum
576 808 751 846 omnibus
772 808 892 845 titulis
913 807 1059 855 publici
1078 807 1172 843 iuris
1198 805 1310 844 factis
1338 806 1458 844 multa
1486 805 1650 843 fortasse

147 874 350 916 nescimus,
381 877 508 910 tamen
537 873 599 909 vix
627 872 782 910 maioris
811 871 991 908 momenti
1019 881 1065 907 ea
1094 881 1177 907 esse
1207 868 1334 906 credo.

255 936 333 975 Iam
355 936 626 974 dominationis
647 935 939 973 Atheniensium
964 939 1137 981 tempore
1164 934 1431 981 perspeximus
1451 932 1651 970 Deliorum

151 1001 344 1038 civitatem
379 998 496 1037 fuisse
531 1000 743 1047 antiquitus
777 1000 834 1036 ita
860 999 1093 1043 institutam,
1128 1001 1171 1034 ut
1199 1007 1345 1034 summa
1373 1007 1501 1033 rerum
1529 1007 1648 1043 penes

149 1063 332 1111 populum
371 1066 481 1101 esset.
536 1064 570 1100 A
607 1063 750 1111 populo
786 1063 902 1109 igitur
936 1062 1048 1100 nobis
1083 1062 1120 1098 in
1150 1061 1222 1098 hac
1250 1061 1357 1098 brevi
1384 1061 1650 1098 institutorum

148 1127 387 1175 reipublicae
408 1127 647 1175 expositione
668 1125 987 1175 proficiscendum
1014 1130 1081 1163 est.
1132 1125 1250 1171 Quem
1281 1129 1495 1162 ceterorum
1517 1124 1650 1161 Ionum

150 1201 256 1228 more
289 1191 329 1227 in
363 1189 500 1238 phylas
538 1194 721 1238 quattuor
754 1190 1026 1238 phratriasque
1056 1187 1218 1225 divisum
1253 1186 1371 1225 fuisse
1401 1199 1484 1224 cum
1512 1199 1582 1235 per
1610 1198 1651 1225 se

148 1253 348 1301 probabile
384 1258 460 1300 est,
494 1257 574 1291 tum
603 1255 718 1291 certis
747 1254 975 1291 testimoniis
1004 1251 1264 1290 confirmatur.
1320 1251 1372 1288 Et
1399 1251 1539 1298 phylae
1569 1251 1651 1298 qui-

150 1316 236 1355 dem
271 1317 386 1354 unius
421 1318 536 1355 etiam
573 1329 711 1355 nomen
747 1322 804 1354 est
839 1317 1042 1355 traditum:
1085 1315 1311 1363 Argadis‚¹)
1349 1326 1447 1363 quae
1483 1325 1568 1352 011111
1605 1326 1651 1351 ex

151 1385 334 1429 quattuor
369 1381 546 1419 tribubus
582 1382 717 1420 ionicis
753 1383 803 1419 sit
830 1393 927 1428 una,
963 1380 1141 1418 dubitare
1170 1391 1247 1417 11011
1275 1379 1387 1425 licet,
1417 1379 1509 1425 quin
1537 1378 1651 1415 etiam

149 1445 322 1492 reliquae
342 1449 422 1482 tres
443 1444 497 1482 ibi
516 1443 677 1491 fuerint3
704 1445 835 1493 plures
857 1456 946 1482 vero
973 1443 1091 1481 fuisse
1121 1455 1195 1481 non
1225 1447 1284 1480 est
1312 1442 1530 1488 verisimile,
1561 1453 1652 1489 quo-

149 1509 249 1545 niam
276 1509 316 1546 in
344 1509 390 1546 iis
419 1509 531 1547 modo
560 1509 780 1547 civitatibus
810 1509 870 1546 hic
899 1519 1079 1545 numerus
1108 1511 1242 1544 auctus
1273 1510 1343 1552 est,
1372 1505 1438 1543 ubi
1467 1505 1516 1543 ad
1536 1504 1648 1542 101105

149 1572 336 1619 genuinos
356 1572 528 1610 homines
548 1573 625 1610 alia
645 1573 765 1620 stirpe
795 1571 947 1610 oriundi
976 1574 1231 1609 accesserant.
1280 1570 1492 1607 Praeterea
1520 1580 1651 1606 nume-

148 1645 214 1672 rus
233 1634 539 1683 hieropoeorum,
571 1648 667 1684 quos
688 1640 871 1684 quattuor
898 1635 1017 1673 fuisse
1046 1638 1209 1679 constat,
1239 1634 1368 1681 aliquo
1396 1633 1509 1671 modo
1538 1633 1652 1671 docu-

147 1701 276 1736 mento
299 1710 382 1736 esse
403 1702 542 1746 potest,
573 1700 663 1747 quia
692 1700 916 1747 saepissime
946 1699 1252 1745 magistratuum,
1281 1697 1345 1744 qui
1376 1696 1508 1734 eodem
1537 1698 1651 1735 colle-

150 1761 211 1808 gio
233 1761 492 1809 continentur,
519 1774 699 1800 numerus
719 1774 742 1800 a
761 1762 895 1810 populi
917 1761 1167 1809 discriptione
1187 1760 1341 1808 pendet.
1389 1760 1448 1798 De
1467 1760 1650 1808 phratriis

152 1825 276 1862 minus
298 1830 405 1863 certa
424 1837 487 1864 res
508 1829 577 1873 est,
605 1837 689 1864 cum
710 1837 785 1863 uno
814 1826 853 1862 in
882 1825 1036 1863 decreto
1065 1829 1214 1862 tantum
1242 1823 1309 1861 fiat
1338 1835 1469 1861 eorum
1496 1825 1650 1870 mentio,

149 1887 216 1925 ubi
254 1888 418 1926 civitatis
452 1889 536 1927 iure
572 1889 737 1927 donatur
764 1888 951 1926 Philistus
988 1887 1142 1936 quidam
1172 1886 1289 1925 Chius
1318 1898 1402 1924 cum
1432 1888 1510 1924 suis
1540 1888 1651 1935 eique

150 1952 388 1999 permittitur
407 1951 619 2000 phratriam
640 1953 792 2000 eligere,
814 1953 875 1990 cui
896 1964 936 1989 se
958 1950 1124 1989 adscribi
1145 1948 1275 1994 velit2›
1307 1948 1387 1995 (καὶ
1416 1949 1509 1999 πρὸς
1538 1950 1652 2000 φρά-

150 2026 266 2064 τραν
293 2011 336 2064 ἦν
365 2012 411 2051 ἄν
435 2013 652 2063 βούλωνται
680 2012 1044 2064 πρυςχυάφασθαι);
1073 2025 1197 2061 neque
1219 2012 1348 2051 ear‘um
1378 2025 1556 2051 numerus
1586 2027 1650 2052 ne-

150 2088 225 2125 que
264 2079 419 2116 nomina
452 2078 562 2116 nobis
598 2083 688 2116 sunt
721 2079 891 2126 cognita,
929 2078 1002 2115 nisi
1036 2077 1086 2115 ad
1115 2077 1329 2124 exemplum
1359 2077 1651 2116 Atheniensium

149 2141 318 2179 civitatis
339 2140 542 2179 duodecim
562 2153 627 2180 eas
647 2141 765 2180 fuisse
794 2153 931 2189 magna
961 2152 1046 2179 011111
1075 2140 1366 2189 probabilitatis
1395 2142 1521 2188 specie
1551 2143 1652 2180 coni-

149 2214 237 2242 cere
264 2215 480 2252 possumus.

254 2268 342 2306 Alia
380 2269 494 2307 etiam
527 2269 729 2317 pbylarum
758 2268 847 2307 Deli
874 2267 947 2306 fuit
975 2268 1129 2314 divisio,
1159 2279 1274 2316 quam
1304 2267 1464 2306 eandem
1491 2269 1652 2306 Athenis

150 2331 387 2371 invenimus:
423 2345 507 2372 011111
545 2335 643 2372 0111111
679 2334 939 2382 phratriarum
976 2332 1111 2370 divisio
1148 2344 1170 2370 a
1198 2333 1387 2370 communi
1418 2333 1562 2380 origine
1591 2333 1651 2370 vel

151 2406 244 2434 vera
277 2396 338 2435 vel
374 2395 516 2436 ficticia
550 2402 652 2436 esset
687 2397 911 2445 desumpta,
947 2396 1217 2434 dividebantur
1245 2401 1451 2444 praeterea
1479 2396 1652 2443 singulae

150 2459 274 2497 tribus
310 2460 519 2499 secundum
553 2461 664 2500 sedes
701 2473 724 2499 a
761 2461 966 2499 tribulibus
997 2465 1204 2508 occupatas
1233 2461 1271 2497 in
1301 2461 1447 2508 aliquot
1475 2461 1652 2508 regiones

153 2522 339 2571 τριττυῶν
372 2525 523 2562 1101111110
561 2524 796 2572 appellatas,
835 2528 950 2571 atque
987 2525 1109 2562 trinas
1143 2524 1281 2570 fuisse,
1318 2523 1356 2561 id
1391 2523 1493 2572 quod
1527 2524 1651 2571 ipsum

151 2595 289 2623 nomen
307 2585 463 2632 indicat,
485 2590 528 2625 ut
549 2587 709 2626 Athenis
730 2591 893 2634 constat,
914 2589 968 2625 ita
987 2587 1075 2625 Deli
1096 2592 1395 2626 consentaneum
1420 2592 1488 2626 est.
1527 2587 1652 2625 Semel

243 2717 270 2762 ι)
294 2717 387 2753 Β1111.
413 2717 445 2753 d.
472 2718 569 2753 Corr.
595 2718 688 2753 Heu.
714 2718 758 2762 X,
783 2729 817 2762 p.
842 2720 910 2754 473
934 2718 972 2753 in
996 2723 1092 2754 nota.
1224 2718 1251 2762 2)
1278 2718 1440 2753 Homolle
1469 2717 1654 2762 »Rapport

152 2783 214 2811 sur
238 2785 307 2810 une
329 2774 496 2811 mission«
524 2781 590 2811 etc.
617 2787 650 2821 p.
675 2778 732 2820 30,
756 2786 791 2811 n.
816 2778 870 2812 38.
