1957 3293
843 294 1151 334 -148-

241 429 287 455 ex
316 416 641 464 negotiatoribus,
677 417 770 454 nihil
799 417 962 464 amplius
992 417 1196 455 edocemur
1229 417 1277 454 de
1305 428 1436 456 eorum
1465 418 1523 456 rei
1551 418 1744 465 gerendae

243 480 404 517 ratione.
450 479 577 516 L'num
599 483 768 517 constat:
804 480 1009 527 pensiones
1031 480 1196 516 cuiusvis
1216 480 1368 527 generis
1395 479 1445 518 ab
1465 480 1641 518 omnibus
1660 491 1748 529 pro-

242 543 384 579 miscue
414 540 536 579 factas
566 541 747 590 nulloque
777 541 996 579 discrimine
1025 552 1110 579 cum
1141 541 1382 589 hiempoeoe,
1410 546 1489 580 tum
1518 546 1746 591 quaestores

242 615 332 641 usos
362 604 530 641 omnium
561 602 694 641 officiis
725 625 773 630 —
804 615 933 640 eorum
963 603 1130 651 quidem,
1159 603 1299 651 quibus
1328 603 1400 642 hoc
1428 609 1512 643 erat
1539 616 1563 643 a
1589 605 1744 644 civitate

241 666 475 704 mandatum.
517 666 811 714 Trapezitarum
833 677 1014 704 numerus
1035 667 1311 712 universorum,
1343 671 1437 715 quot
1457 667 1611 716 quidem
1639 668 1748 706 inno-

242 734 401 767 tuerunt
429 741 448 766 e
477 729 601 766 titulis
622 729 694 766 iam
717 728 843 775 editis,
874 729 905 766 h.
929 741 962 766 e.
993 740 1012 765 e
1034 728 1250 766 rationibus
1270 728 1564 777 hieropoeorum
1591 731 1748 778 scriptis

242 792 407 830 Demare
430 795 480 838 (a.
508 794 608 838 180),
644 791 782 829 deinde
811 791 1012 838 Amphicle
1043 794 1092 835 (a.
1121 794 1205 835 170)
1235 791 1497 839 archontibus,
1526 793 1747 831 octonarius

242 854 330 899 fuit,
368 866 455 892 nam
483 854 650 892 Nenzius
680 854 782 902 quod
812 855 942 902 posuit.
981 854 1155 892 »omnino
1184 865 1251 891 sex
1281 856 1569 893 commemorari
1605 858 1644 894 et
1670 855 1750 903 ple·

242 929 403 964 rumque
433 917 544 955 binos
573 929 653 955 rem
681 918 859 965 gessisse,
890 918 1017 954 rarius
1047 916 1330 964 singulos«,¹⁴⁰)
1359 928 1436 956 non
1463 918 1695 966 scripsisset,
1715 918 1748 956 si

243 981 415 1017 rationes
438 980 638 1027 Amphicle
665 980 849 1017 archonte
871 980 1034 1027 scriptas
1055 982 1168 1027 (quas
1189 980 1271 1027 ipse
1292 981 1448 1028 saepius
1476 981 1664 1029 appellat)
1694 981 1749 1019 in-

244 1042 509 1090 spexisset¹⁴¹)
534 1054 658 1090 neque
679 1044 773 1081 satis
794 1043 1004 1089 habuisset,
1034 1054 1132 1090 quae
1152 1042 1240 1080 inde
1261 1042 1476 1081 Homollius
1497 1043 1685 1081 attulerat
1711 1043 1749 1080 in

245 1106 518 1144 commentario
548 1105 597 1143 ad
626 1106 801 1144 Demaris
838 1107 1006 1143 rationes
1036 1105 1285 1143 illustrandas
1326 1106 1539 1153 composito
1569 1105 1677 1153 loca,
1711 1107 1750 1143 in

244 1181 353 1207 usum
385 1181 492 1207 suum
513 1174 747 1207 convertere.
793 1169 834 1206 In
855 1169 913 1206 his
934 1179 1027 1206 sane
1047 1172 1126 1205 tres
1146 1171 1294 1206 tantum
1316 1167 1500 1217 τράπεζαι
1522 1179 1747 1206 commemo-

244 1236 382 1270 rantur
412 1237 527 1280 atque
557 1244 624 1269 sex
652 1233 931 1280 negotiatores3
969 1231 1036 1269 sed
1065 1230 1167 1278 quod
1202 1230 1263 1268 hic
1291 1242 1442 1278 semper
1477 1231 1558 1269 bini
1587 1231 1748 1279 singulis

243 1295 384 1332 mensis
402 1296 632 1342 argentariis
647 1307 828 1343 praeesse
845 1295 1035 1340 dicuntur,
1057 1294 1203 1332 nonita
1219 1298 1277 1332 est
1292 1293 1602 1341 intellegendum,
1621 1294 1751 1332 omnia

243 1359 397 1405 negotia
418 1358 550 1396 ambos
580 1359 691 1396 simul
719 1357 1023 1404 administrasse,
1053 1368 1183 1394 verum
1212 1354 1233 1406 ἡ
1253 1357 1321 1393 τοῦ
1342 1354 1449 1393 δεῖνα
1469 1354 1533 1393 καὶ
1554 1356 1624 1393 τοῦ
1644 1354 1750 1393 δεῖνα

243 1431 380 1458 nomen
420 1425 503 1458 erat
539 1432 692 1459 mensae
729 1422 914 1468 cuiusque
950 1420 1148 1468 proprium
1184 1423 1336 1462 (nostro
1365 1430 1541 1458 sermone
1574 1419 1747 1457 ›Firma‹

244 1482 433 1527 dicimus).
477 1484 604 1531 Atque
634 1485 789 1522 nomina
817 1483 912 1520 haec
941 1487 1046 1520 sunt:
1077 1479 1388 1531 ῆλὺμφοὸώρου
1407 1480 1472 1517 καὶ
1485 1478 1748 1531 Ἡρακλείδου,

245 1543 266 1594 ἡ
285 1541 473 1595 ’Ἕλληνος
493 1544 556 1581 καὶ
579 1544 811 1590 Μαντινέως,
841 1542 863 1593 ἡ
887 1540 1059 1584 Φίλωνος·
1078 1541 1142 1578 καὶ
1165 1540 1417 1591 Ecarjiaooflffl)
1447 1541 1587 1590 quibus
1607 1545 1747 1590 quarta

245 1607 490 1655 adiungenda
510 1612 580 1654 est,
601 1609 708 1645 cuius
730 1605 841 1644 modo
862 1606 900 1642 in
925 1604 1136 1652 Amphiclis
1157 1603 1371 1642 rationibus
1393 1604 1534 1642 mentio
1554 1602 1597 1641 fit
1616 1603 1748 1652 ibique

247 1671 470 1718 saepissime
499 1692 547 1696 —
577 1668 597 1719 ἢ
631 1667 880 1718 Φιλοφῶντος
917 1666 980 1704 καὶ
1020 1666 1280 1712 llaxroou.¹⁴⁸)
1336 1665 1415 1704 Cur
1448 1678 1525 1705 non
1561 1667 1673 1705 etiam
1711 1668 1752 1704 in

245 1732 421 1770 Demaris
451 1733 541 1770 anni
569 1732 711 1770 tabulis
741 1734 1038 1769 commemorata
1067 1728 1152 1767 est‘?
1209 1729 1319 1776 Quod
1358 1733 1426 1767 aut
1453 1729 1620 1768 nondum
1661 1739 1750 1767 con-

246 1796 381 1832 stituta
411 1800 505 1842 erat,
536 1800 603 1833 aut
631 1800 734 1833 certe
762 1795 949 1842 pecuniae
979 1793 1157 1841 publicae
1186 1792 1312 1830 nullae
1343 1803 1367 1831 a
1394 1791 1683 1840 magistratibus
1711 1792 1751 1830 in

245 1869 292 1895 ca
320 1858 632 1905 deponebantur:
664 1859 826 1906 primuni
856 1857 1072 1904 hieropoeis
1093 1855 1231 1901 Amno,
1260 1853 1439 1893 Charilae
1467 1865 1553 1892 cum
1579 1853 1749 1902 collegis,

246 1922 310 1968 qui
340 1921 489 1959 duobus
519 1925 606 1968 post
627 1921 831 1959 Demarem
861 1920 971 1957 annis
991 1930 1147 1956 munere
1176 1917 1297 1955 functi
1327 1920 1427 1964 sunt,
1456 1928 1503 1955 ex
1529 1915 1602 1954 hac
1620 1927 1753 1954 mensa

246 1985 466 2031 pensionem
490 1995 573 2022 esse
594 1983 786 2031 quandam
808 1981 946 2020 factam
967 1979 1222 2025 novimus-¹⁴⁴)
1265 1980 1393 2028 Atque
1414 1991 1461 2018 ex
1482 1979 1613 2018 eodem
1635 1979 1749 2018 titulo

249 2046 444 2093 discimus,
475 2046 722 2094 quamobrem
753 2050 790 2083 et
818 2045 956 2083 Hellen
987 2048 1024 2082 et
1053 2043 1191 2081 Philon
1219 2043 1290 2081 soli
1320 2043 1402 2081 sine
1430 2042 1544 2081 sociis
1575 2042 1654 2080 suis
1683 2052 1750 2080 no—

246 2110 456 2147 minentur:
487 2110 541 2147 eis
568 2109 693 2147 orbati
715 2113 825 2146 erant
844 2108 903 2146 vel
924 2111 1044 2145 morte
1073 2107 1131 2144 vel
1152 2107 1227 2144 alio
1256 2117 1348 2144 casu
1370 2105 1545 2142 humano.
1590 2103 1631 2143 Si
1651 2105 1751 2143 enim

249 2173 424 2219 utrisque
454 2172 668 2209 rationibus
697 2171 880 2209 adhibitis
902 2173 1203 2218 perscrutamur,
1233 2167 1372 2216 quibus
1401 2167 1512 2205 annis
1541 2177 1566 2204 a
1592 2167 1752 2215 singulis

246 2235 388 2272 mensis
419 2235 665 2280 magistratus
695 2233 915 2280 acceperint
943 2232 1126 2279 pecunias
1147 2229 1324 2276 traditas,
1353 2228 1525 2267 videmus
1554 2228 1753 2277 Nympho-

247 2296 330 2334 dori
366 2301 404 2334 et
431 2296 650 2334 Heraclidis
681 2294 875 2346 τράπεζαν
911 2294 998 2332 inde
1028 2305 1050 2332 a
1078 2291 1352 2331 Telesarcbide
1381 2291 1397 2328 1
1429 2295 1481 2336 (a.
1508 2293 1593 2338 189)
1629 2303 1751 2340 usque

244 2359 294 2397 ad
316 2359 553 2406 Amphiclem
575 2359 796 2397 archontem
818 2363 868 2402 (a.
891 2361 976 2403 170)
998 2357 1203 2405 quotannis
1224 2355 1303 2394 fere
1324 2352 1610 2403 appellarizffl)
1639 2353 1753 2393 aliter

344 2513 405 2554 ¹⁴⁰)
431 2511 541 2545 Nenz.
565 2511 710 2554 Quaest.
731 2510 798 2545 del.
825 2522 857 2554 p.
876 2512 897 2544 8
923 2515 958 2544 et
983 2514 1070 2544 nott.
1097 2513 1128 2543 5.
1155 2510 1186 2543 6.
1282 2507 1343 2550 ¹⁴¹)
1368 2505 1462 2541 Bull.
1487 2504 1521 2540 d.
1540 2504 1639 2540 Corr.
1656 2504 1750 2540 Hell.

245 2570 289 2614 ΙΙ,
315 2581 348 2614 p.
366 2572 434 2604 570
448 2571 559 2611 -584,
586 2567 710 2602 addita
727 2567 850 2601 tabula
868 2567 979 2601 XXV.
1076 2566 1138 2607 ¹⁴²)
1164 2566 1203 2600 In
1221 2564 1383 2608 utrisque
1400 2563 1600 2599 rationibus
1617 2562 1751 2607 passim

246 2631 455 2668 occurrunt,
481 2630 521 2659 ut
546 2625 624 2659 loca
650 2624 791 2667 singula
817 2624 944 2659 afferre
971 2633 1274 2668 supervacaneum
1301 2621 1359 2658 sit.
1514 2619 1576 2665 ι48)
1600 2619 1641 2654 In
1665 2620 1751 2655 Am-

245 2684 352 2729 phicl.
378 2683 474 2718 arch.
508 2687 574 2717 rat.
607 2682 667 2717 lin.
693 2684 829 2717 57—69
863 2681 1112 2725 quaterdecies
1137 2679 1376 2725 appellantur.
1562 2677 1625 2722 ¹⁴⁴)
1649 2675 1752 2717 Ibid.‚

244 2741 304 2777 liu.
324 2743 400 2776 61—-
415 2744 468 2775 65.
574 2741 635 2784 ¹⁴⁵)
662 2739 760 2774 llaec
786 2738 956 2773 discimus
982 2739 1123 2774 collatis
1148 2738 1292 2773 Demar.
1310 2736 1407 2772 arch.
1434 2739 1500 2771 rat.
1526 2734 1587 2770 lin.
1610 2737 1737 2772 11-21
