1979 3326
732 289 1016 331 -31-

120 414 308 455 fastorum
341 415 576 454 deliacorum
612 414 808 453 notionem
836 411 1096 460 debemus,¹⁷)
1131 423 1208 450 non
1237 411 1359 449 solum
1396 421 1537 449 annum
1565 408 1631 447 de-

122 479 263 517 liacum
292 477 461 517 secundo
490 478 604 515 unius
634 477 811 515 semestri
840 480 879 514 et
904 477 1030 524 primo
1060 475 1220 513 alterius
1248 474 1356 512 attici
1383 472 1631 521 respondere,

122 541 192 580 sed
223 543 264 580 in
302 552 535 589 unoquoque
569 551 700 578 mense
734 540 807 577 hoc
839 538 941 576 idem
974 538 1167 584 evenisse,
1195 541 1239 575 ut
1266 537 1408 585 partim
1435 537 1475 574 in
1503 547 1631 583 unum,

121 606 264 654 partim
296 605 336 642 in
371 607 594 653 sequentem
628 614 796 641 mensem
831 602 990 639 atticum
1019 601 1194 647 caderet,
1229 599 1364 638 tabula
1392 599 1442 638 ad
1477 598 1634 637 demon·

122 667 322 707 strandum
349 679 444 706 usus
470 667 573 705 hunc
600 667 640 704 in
667 665 822 704 modum
849 663 1042 703 confecta:

490 737 634 772 Menses
661 735 791 771 deliaci
922 734 1066 769 Menses
1094 733 1198 768 attici

491 798 727 846 Thargelion
825 810 869 825 =
897 796 1144 844 Thargelion.

494 861 686 899 Panemos
824 872 869 888 =
898 857 1186 906 Scirophorion.

491 922 798 962 Hecatombaion
825 936 870 952 =
897 921 1215 960 Hecatombaion.

492 987 774 1036 Metageitnion
1023 1007 1066 1013 —

491 1050 724 1098 Buphonion
829 1062 872 1079 =
899 1048 1194 1097 Metageitnion.

492 1112 713 1160 Apaturion
825 1126 870 1141 =
897 1111 1168 1151 Boedromion.

493 1177 659 1214 Aresion
830 1189 874 1205 =
901 1175 1163 1223 Pyanopsion.

491 1238 687 1278 Posideon
829 1252 873 1267 =
901 1238 1208 1276 Maimacterion.

491 1301 667 1340 Lenaiou
830 1314 874 1329 =
902 1300 1109 1339 Posideon.

493 1365 634 1402 Hieros
825 1377 869 1392 =
898 1363 1113 1403 Gamelion.

495 1427 687 1466 Galaxion
825 1441 868 1456 =
898 1427 1185 1466 Anthesterion,

492 1491 730 1529 Artemision
826 1504 870 1519 =
898 1490 1196 1538 Elaphebolion.

584 1576 629 1581 ——
896 1553 1145 1602 Munychion.

230 1628 292 1667 Ad
312 1640 426 1678 quam
445 1629 615 1668 tabulam
637 1628 915 1669 conficiendam
943 1631 978 1667 ei
1006 1632 1162 1678 praesto
1191 1627 1348 1666 fuerunt
1375 1627 1479 1665 tituli
1508 1627 1582 1666 duo
1612 1638 1635 1666 a

124 1693 416 1741 magistratibus
436 1693 565 1732 atticis
583 1694 806 1741 perscripti:
837 1694 937 1741 lapis
964 1693 1042 1740 ille,
1073 1693 1138 1740 qui
1159 1691 1440 1730 Sandwicensis
1461 1691 1634 1739 appella-

126 1759 202 1803 tur,
223 1755 388 1804 adiecto,
409 1756 512 1804 quod
531 1768 657 1804 nuper
683 1760 742 1794 est
769 1757 977 1803 inventum,
1006 1754 1285 1803 fragmento,¹⁸)
1314 1754 1381 1792 ubi
1401 1754 1637 1802 Thargelion

128 1821 167 1857 et
186 1818 380 1857 Panemus
406 1818 545 1857 deliaci
564 1818 814 1866 Thargelioni
835 1818 1203 1866 Scirophorionique
1231 1819 1360 1856 atticis
1389 1817 1636 1865 respondent,

126 1885 166 1919 et
191 1881 328 1919 titulus
355 1881 459 1929 ipse,
495 1881 543 1919 de
572 1891 648 1928 quo
677 1880 790 1918 modo
819 1879 939 1918 verba
966 1878 1059 1926 feci,
1097 1878 1252 1918 Cratete
1282 1879 1467 1917 archonte
1496 1880 1636 1917 litteris

128 1943 410 1992 mandatus,¹⁹)
444 1943 545 1982 unde
580 1942 836 1990 Buphoniona
872 1942 1060 1980 deliacum
1097 1943 1301 1980 convenire
1337 1953 1422 1980 cum
1457 1942 1639 1990 Metagit-

127 2007 243 2045 nione
271 2007 389 2045 attico
414 2007 683 2054 perspicimus.
729 2005 831 2043 Hinc
849 2004 1060 2053 profectus,
1090 2006 1259 2053 reliquos
1290 2017 1366 2053 qua
1394 2006 1544 2043 ratione
1564 2004 1638 2042 sibi

130 2069 405 2118 respondeant,
425 2068 539 2108 facile
560 2069 714 2118 quidem
734 2069 891 2114 invenit,
921 2068 989 2106 sed
1008 2069 1167 2106 lacunas
1188 2068 1284 2106 duas
1303 2068 1500 2115 indicavit,
1522 2078 1637 2115 quum

130 2144 257 2181 neque
286 2132 542 2181 Metagitnion
570 2132 754 2179 deliacus,
783 2143 908 2179 neque
934 2131 1170 2179 Munychion
1199 2133 1339 2170 atticus
1368 2131 1548 2177 habeant,
1577 2131 1638 2168 cui

131 2197 172 2235 in
208 2197 341 2235 alteris
377 2195 488 2234 fastis
524 2199 796 2244 comparentur
829 2196 968 2233 mensi:
1005 2194 1054 2232 ad
1089 2205 1186 2243 quas
1221 2193 1411 2232 tollendas
1449 2193 1638 2240 adhibuit,

134 2270 249 2308 quam
283 2269 404 2308 supra
438 2258 540 2306 dixi,
575 2258 781 2306 medelam,
816 2262 860 2295 ut
893 2258 1005 2296 alteri
1033 2269 1119 2296 cum
1148 2258 1280 2296 alteris
1309 2257 1376 2295 tali
1405 2256 1519 2295 modo
1549 2267 1638 2295 con-

133 2322 325 2361 venirent:

838 2396 861 2423 a
888 2384 1013 2423 medio
1042 2384 1260 2422 Posideone

837 2447 887 2486 ad
915 2447 1081 2486 medium
1110 2447 1348 2486 Gameliona.

838 2522 862 2550 a
889 2510 1015 2549 medio
1044 2511 1271 2549 Gamelione

751 2574 758 2583 '
790 2520 809 2617 {
838 2573 887 2612 ad
915 2574 1081 2612 medium
1110 2573 1424 2612 Authesteriona·

390 2423 422 2458 1.
450 2417 624 2458 Lenaiou
685 2446 694 2455 .
750 2393 808 2490 .{

388 2551 423 2584 2.
452 2546 593 2585 Hieros
620 2574 628 2583 .
685 2574 693 2583 .

222 2693 267 2739 ¹⁷)
290 2693 455 2730 Homolle
481 2693 535 2728 »le
560 2692 763 2729 calendi-ier
787 2692 925 2727 delien«
953 2692 1046 2728 Bull.
1073 2693 1105 2728 d.
1132 2693 1229 2728 Corr.
1256 2692 1350 2728 Hell.
1378 2691 1420 2737 V,
1446 2702 1479 2737 p.
1505 2693 1548 2727 25
1563 2701 1639 2735 sqq.

222 2750 266 2797 1⁸)
292 2750 330 2787 C.
356 2750 383 2787 1.
409 2751 453 2786 A.
480 2750 526 2797 H,
550 2753 628 2786 814.
769 2750 812 2795 ¹⁹)
839 2749 876 2785 C.
902 2750 928 2784 1.
954 2751 998 2785 A.
1024 2749 1051 2796 1,
1077 2752 1154 2785 283.
