1979 3326
730 292 1041 333 —115—

134 418 176 456 in
200 417 394 457 nonnullis
424 417 590 456 decretis
618 417 689 455 sub
718 418 860 455 exitum
889 417 1050 464 legimus
1078 416 1282 464 scriptum:
1317 414 1338 451 ὁ
1367 411 1474 451 δεῖνα
1501 411 1641 462 ἐπεφή-

133 493 262 531 φισεν;
307 493 432 530 neque
473 480 627 527 dubito,
670 481 762 528 quin
798 480 1088 517 Atheniensium
1133 478 1307 526 exemplo
1349 478 1545 525 principes
1583 476 1639 513 illi

132 544 173 581 in
208 543 378 591 singulos
413 542 495 581 dies
524 543 638 580 electi
667 543 744 580 sint
778 543 910 589 eisque
938 553 1022 579 cum
1062 541 1229 589 sigillum
1257 539 1455 588 publicum
1482 538 1640 577 manda-

133 612 215 646 tum
242 606 360 645 fuerit
386 610 466 644 tum
496 606 622 644 claves
650 606 853 653 utriusque
882 605 1034 651 aerarii,
1065 615 1150 641 cum
1179 615 1198 640 e
1220 602 1406 650 Polyxeni
1443 601 1639 639 archontis

133 669 350 709 rationibus
369 672 505 717 pateat
531 669 673 706 nemini
690 672 847 716 praeter
873 671 1058 715 prytanes
1086 667 1240 704 licuisse
1262 664 1359 702 illud
1378 662 1639 708 recluderem)

135 734 291 781 verique
320 733 553 770 simillimum
581 732 631 769 sit
658 731 802 768 clavem
837 729 942 777 apud
973 741 1087 767 unum
1124 739 1255 766 eorum
1289 738 1373 764 esse
1402 730 1640 764 asservatam

133 800 252 844 atque
280 799 385 833 certe
414 795 519 843 apud
546 795 773 842 principem.
817 793 1055 840 Quamquam
1085 791 1247 839 cogitari
1269 791 1382 827 etiam
1402 792 1532 837 potest
1552 799 1639 826 con-

132 858 249 896 tionis
276 857 496 905 praesidem
526 869 545 895 e
574 857 810 904 reliquarum
829 856 997 903 partium
1016 866 1094 893 una
1123 858 1182 897 (ut
1201 853 1364 891 Athenis
1383 851 1637 900 proedrorum

133 921 364 969 principem)
400 931 486 958 esse
523 920 698 958 electum.
760 919 796 956 A
829 930 934 956 more
969 917 1264 955 Atheniensium
1299 915 1498 961 abhorret,
1537 913 1640 962 quod

133 994 211 1021 non
236 983 278 1020 in
305 983 453 1030 verbis,
489 994 587 1031 quae
615 981 770 1020 decreto
799 982 874 1029 ipsi
903 981 1098 1028 praemitti
1126 980 1269 1025 solent,
1305 982 1393 1026 post
1421 978 1632 1016 sanctionis

133 1044 336 1085 formulam
371 1045 646 1094 appellabatur
679 1045 744 1082 ille
778 1045 977 1092 princeps,
1017 1045 1125 1081 cuius
1160 1053 1298 1080 nomen
1334 1052 1496 1089 prorsus
1534 1041 1640 1088 igno-

134 1119 283 1156 ramus,
312 1108 381 1147 sed
410 1109 481 1146 sub
509 1109 651 1146 exitum
680 1106 1003 1155 subiungebatur,
1031 1110 1075 1143 ut
1102 1107 1178 1144 iam
1207 1105 1305 1150 dixi;
1342 1115 1466 1152 neque
1495 1105 1535 1141 in
1564 1115 1641 1141 om-

133 1170 247 1208 nibus
276 1170 350 1209 hoc
375 1170 419 1208 fit
451 1170 592 1214 titulis,
629 1169 697 1207 sed
731 1170 770 1206 in
806 1169 882 1206 illis
910 1167 1193 1214 tantummodo,
1230 1178 1329 1215 quae
1366 1167 1520 1204 exeunti
1558 1177 1640 1204 sae-

134 1234 221 1272 culo
249 1234 364 1272 tertio
392 1233 453 1271 vel
479 1233 590 1271 initio
626 1232 784 1270 secundi
817 1231 936 1269 tribui
966 1231 1059 1269 satis
1088 1234 1192 1268 certe
1221 1234 1402 1278 possunt,
1431 1230 1470 1266 in
1500 1228 1641 1277 quibus

135 1297 249 1336 etiam
282 1307 355 1344 pro
389 1294 410 1332 ὁ
438 1293 545 1332 δεῖνα
572 1292 676 1332 εἶπεν
710 1317 760 1322 -
789 1292 986 1344 δεδόχθαι
1017 1282 1228 1344 τῷ’ὃὴμῳ,
1267 1292 1370 1340 quod
1397 1293 1527 1340 priore
1557 1303 1639 1330 sae-

135 1360 212 1398 culi
238 1360 345 1398 tertii
371 1362 483 1407 parte
512 1358 630 1396 scribi
661 1356 828 1404 solet‚2²)
858 1357 936 1395 alia
964 1360 1188 1395 constanter
1215 1359 1428 1403 usurpatur
1456 1354 1639 1393 formula:

134 1419 327 1474 δεδόχθαι
354 1424 409 1473 τῇ
432 1420 589 1472 βουλῇ
610 1420 674 1457 καὶ
695 1422 751 1470 τῷ
773 1418 968 1470 δήμῳ.23).
1012 1419 1121 1456 Duae
1149 1419 1222 1456 hae
1246 1423 1361 1456 notae
1390 1418 1639 1466 gravissimae

135 1488 243 1531 sunt,
279 1484 418 1533 quibus
453 1483 610 1522 decreta
644 1483 795 1531 singula
828 1482 995 1529 tempori
1030 1482 1124 1519 satis
1160 1481 1276 1518 certis
1310 1479 1451 1518 finibus
1481 1481 1640 1518 circum—

137 1549 282 1596 scripto
317 1548 515 1595 assignare
550 1547 758 1594 possimus,
794 1546 1024 1593 praesertim
1060 1555 1145 1582 cum
1180 1555 1306 1591 neque
1342 1543 1486 1581 archon
1520 1543 1560 1580 in
1593 1543 1640 1580 iis

139 1622 308 1659 unquam
337 1611 573 1657 nominetur,
608 1621 733 1658 neque
761 1609 867 1647 aliud
896 1609 1080 1656 temporis
1108 1607 1291 1645 indicium
1321 1610 1494 1654 (praeter
1522 1606 1642 1652 scrip-

139 1678 250 1712 turae
277 1674 483 1715 rationem)
524 1673 763 1711 exhibeatur.
818 1673 897 1710 Iam
926 1676 1036 1720 patet
1063 1671 1306 1709 decretorum
1335 1669 1495 1708 formam
1523 1668 1641 1706 fuisse

138 1736 459 1784 simplicissimam
488 1738 544 1781 et,
580 1745 666 1772 cum
694 1734 742 1772 de
771 1734 913 1772 eisdem
944 1745 1096 1781 semper
1129 1733 1245 1771 rebus
1275 1737 1467 1780 ageretur,
1497 1732 1642 1769 similli-

136 1809 252 1836 mam:
280 1798 406 1846 primo
425 1797 509 1834 loco
530 1801 657 1834 exstat
675 1808 827 1844 semper
847 1797 1069 1843 sanctionis,
1099 1807 1198 1843 quae
1219 1796 1373 1842 dicitur,
1402 1794 1567 1833 formula
1592 1816 1642 1822 —

135 1856 276 1905 ἔδοξεν
304 1863 353 1910 τῇ
378 1858 505 1910 βουλῇ
533 1858 598 1896 καὶ
628 1863 683 1909 τῷ
707 1858 814 1909 δήμῳ
844 1860 921 1903 (cui
949 1860 987 1896 in
1008 1859 1130 1896 titulis
1151 1859 1428 1906 antiquissimis
1455 1855 1541 1894 θεοὶ
1569 1868 1641 1895 vox

136 1924 337 1972 praemitti
365 1921 557 1969 solet);²⁴)
597 1922 734 1960 deinde
764 1923 949 1969 oratoris,
987 1923 1052 1970 qui
1088 1923 1327 1969 rogationem
1362 1921 1481 1967 tulit,
1504 1931 1641 1958 nomen

138 1997 223 2024 cum
253 1990 416 2035 paterno
450 1985 724 2033 perscribitur3
758 1986 934 2032 sequitur
969 1985 1043 2022 iam
1079 1984 1275 2021 decretum
1310 1985 1435 2031 ipsum
1470 1984 1509 2020 iu
1545 1981 1641 2019 duas

137 2050 363 2097 plerumque
398 2053 530 2096 partes
564 2048 747 2095 divisum,
784 2059 944 2096 quarum
982 2048 1129 2095 priore,
1166 2058 1264 2095 quae
1300 2046 1348 2084 ab
1385 2043 1514 2094 ἐπειδὴ
1549 2055 1640 2082 voce

137 2111 306 2156 orditur,
343 2122 482 2150 causae
517 2115 778 2158 exponuntur,
815 2121 883 2148 cur
916 2109 1058 2148 factum
1094 2111 1161 2156 sit,
1199 2122 1230 2147 e.
1260 2121 1293 2157 g.
1332 2110 1413 2147 eius
1450 2109 1540 2155 viri,
1577 2108 1642 2156 qui

138 2175 369 2222 honoratur,
405 2176 444 2212 in
479 2175 663 2223 populum
699 2175 837 2212 merita
865 2173 923 2211 vel
958 2173 1113 2211 uberius
1152 2176 1383 2211 enarrantur
1419 2172 1477 2209 vel
1506 2172 1640 2219 paucis

230 2346 278 2391 2¹)
301 2345 397 2382 Bull.
422 2344 457 2380 d.
483 2345 581 2380 Corr.
606 2344 701 2380 Hell.
726 2344 788 2388 VI,
813 2355 846 2388 p.
872 2345 928 2388 59,
953 2348 1025 2377 not.
1051 2345 1088 2377 2:
1122 2342 1185 2375 οὐκ
1219 2342 1401 2386 ἐτέθησαν
1429 2342 1480 2380 εἷς
1505 2342 1569 2386 τὴν
1596 2354 1641 2375 κι-

135 2403 259 2447 βωτὸν
287 2403 344 2437 διὰ
368 2403 410 2437 τὸ
433 2404 484 2448 μὴ
511 2402 787 2447 παραγενέσθαι
813 2401 896 2439 τοὺς
931 2401 1127 2444 πρυτάνεις
1153 2398 1251 2432 ὥστε
1279 2397 1420 2436 ἀνοῖξαι
1445 2398 1509 2442 τὴν
1537 2399 1642 2439 κιβω-

144 2460 209 2495 τὸν
234 2459 526 2504 ἐπαγγειλάντων
559 2460 671 2504 ἡμῶν.
809 2458 855 2500 22)
882 2458 918 2492 C.
939 2457 965 2491 1.
988 2457 1029 2491 G.
1056 2458 1162 2499 22673
1195 2455 1287 2490 Bull.
1313 2455 1345 2489 d.
1373 2455 1470 2490 Corr.
1497 2455 1588 2490 nell.
1616 2455 1642 2491 Ι.

138 2527 173 2562 p.
197 2519 282 2562 2823
306 2516 368 2561 IV,
394 2527 427 2561 p.
453 2518 532 2560 345,
557 2519 641 2559 34&
667 2516 711 2560 X,
737 2527 770 2560 p.
801 2518 873 2550 133.
990 2514 1037 2554 2³>
1063 2513 1110 2549 Ut
1136 2513 1206 2547 iam
1232 2512 1431 2546 Homollius
1458 2512 1640 2546 adnotavit

139 2573 185 2609 ad
209 2573 391 2609 decretum
415 2573 452 2608 in
483 2573 652 2608 honorem
679 2572 875 2607 Demotelis
900 2571 1070 2615 Aeschyli
1096 2571 1136 2613 f.,
1169 2575 1296 2614 poetae
1324 2569 1463 2607 Andrii,
1490 2569 1640 2603 sactum:

139 2630 233 2666 Bull.
258 2630 291 2666 d.
317 2631 415 2666 Corr.
441 2631 534 2665 Heu.
560 2631 621 2675 IV,
646 2642 679 2675 p.
698 2634 773 2665 345.
824 2629 989 2664 Occurrit
1015 2628 1168 2663 formula
1193 2629 1229 2662 C.
1247 2628 1272 2662 1.
1289 2628 1330 2661 G.
1356 2630 1465 2669 2:3693
1491 2627 1582 2661 Bull.
1609 2626 1641 2660 d.

139 2687 239 2723 corr.
262 2687 356 2723 Heu.
382 2688 417 2733 1,
442 2699 476 2732 p.
501 2690 580 2732 279,
603 2690 688 2731 2813
714 2687 759 2731 11,
785 2698 817 2731 p.
835 2690 914 2731 328,
939 2689 1025 2730 3303
1052 2686 1148 2730 vm,
1174 2697 1206 2729 p.
1233 2688 1288 2729 si,
1313 2687 1369 2720 89.
1479 2684 1523 2728 ²⁴)
1551 2684 1641 2718 Bun.

140 2743 173 2779 d.
199 2743 297 2779 Corr.
322 2743 415 2780 Heu.
440 2743 502 2789 IV,
526 2755 560 2788 p.
585 2745 663 2779 345.

1327 2799 1370 2834 8,
