1979 3326
754 273 1063 314 --215—

161 401 304 438 sortem
336 400 596 445 compararet,
639 408 715 445 qua
749 397 882 435 Asiam
924 397 1134 435 incolentes
1178 396 1376 443 affecerat,
1422 403 1460 436 et
1499 409 1658 436 consen-

160 465 314 500 taneum
343 465 401 500 est
429 465 468 500 et
493 461 721 499 testimoniis
759 460 988 509 quibusdam
1017 460 1273 498 demonstrari
1310 461 1470 498 videtur.
1533 462 1662 510 Atque

159 524 283 572 primo
324 525 407 563 loco
449 535 703 562 commemoro
746 525 839 563 satis
875 525 1014 562 multas
1055 528 1202 562 statuas
1246 524 1298 562 ibi
1339 526 1377 562 in
1420 526 1500 563 eius
1544 525 1661 563 hono-

161 598 240 625 rem
275 599 359 625 esse
395 587 562 635 positas,
606 598 766 635 quarum
804 587 951 635 aliquot
986 587 1035 625 ad
1070 591 1240 625 nostram
1282 592 1447 625 aetatem
1490 592 1663 626 servatae

161 653 251 688 sunt
291 649 404 689 bases
445 673 494 678 —
536 654 718 698 quattuor
759 651 911 688 omnino
954 654 1042 687 sunt
1083 650 1320 698 repertae,¹)
1371 650 1439 688 sed
1481 652 1663 689 maiorem

160 713 280 752 multo
311 712 428 752 fuisse
459 713 649 761 quondam
678 725 808 751 eorum
837 724 1034 751 numerum
1062 712 1150 750 inde
1178 713 1357 759 colligere
1385 714 1526 760 possis.v
1559 714 1662 762 quod

160 779 296 824 postea
324 777 405 814 sine
434 776 549 814 dubio
579 780 617 814 et
645 780 795 814 statuae
825 787 980 814 eversae
1018 781 1105 813 sunt
1148 779 1185 813 et
1226 776 1351 823 ipsum
1386 777 1487 823 regis
1524 788 1660 814 nornen

163 839 421 888 exsculptum:
465 851 563 887 quae
591 851 667 877 non
696 840 844 887 positae
874 843 1003 877 essent
1030 839 1197 886 regionis
1227 843 1304 876 tam
1333 839 1566 887 longinquae
1596 839 1663 877 do-

159 904 280 949 mino,
315 903 388 940 nisi
416 903 579 940 insulam
614 903 697 950 ipse
719 913 878 951 ‚quoque
908 903 1002 940 satis
1037 903 1183 949 magnis
1219 901 1411 939 affecisset
1439 901 1549 940 donis
1579 904 1663 941 ani-

158 976 318 1014 mosque
362 965 564 1004 multorum
606 965 816 1004 incolarum
859 965 933 1004 sibi
980 965 1274 1004 conciliavisset.
1343 964 1504 1003 Maioris
1548 967 1661 1005 etiam

158 1027 337 1067 videntur
375 1028 466 1066 mihi
502 1030 684 1067 momenti
718 1030 914 1077 imagines,
961 1041 1056 1077 quas
1099 1029 1291 1067 Helianax
1332 1029 1602 1077 Asclepiodori
1631 1030 1655 1069 f.

165 1092 411 1130 Atheniensis
439 1093 620 1131 sacerdos
656 1091 717 1129 διὰ
749 1092 836 1141 βίου
865 1092 1091 1131 Cabirorum
1121 1098 1159 1131 et
1189 1091 1436 1136 Ποσειδῶνυς
1466 1093 1593 1131 Αἰσίου
1623 1096 1660 1132 in

160 1155 342 1203 saepibus
370 1155 504 1204 templi
545 1156 604 1194 sui
643 1156 915 1204 insculpendas
957 1157 1115 1201 curavit,
1160 1155 1293 1203 Syriae
1323 1161 1361 1194 et
1389 1155 1659 1204 Cappadociae

157 1229 301 1266 regum,
330 1217 438 1256 ducis
458 1217 655 1257 cuiusdam
676 1219 860 1265 Parthici,
891 1222 1076 1266 quattuor
1101 1219 1339 1257 Mithridatis
1368 1220 1489 1267 ipsius
1519 1219 1659 1258 ducum

160 1281 220 1320 vel
249 1280 568 1328 ministrorum;2)
611 1293 710 1328 nam,
740 1293 814 1330 quo
857 1283 957 1320 inter
999 1293 1038 1319 se
1067 1283 1338 1320 contineantur
1366 1284 1474 1330 quasi
1507 1284 1656 1321 vinculo

157 1347 237 1382 tam
264 1344 502 1383 diversorum
530 1345 724 1383 hominum
752 1345 948 1392 imagines,
979 1346 1120 1392 quippe
1157 1357 1255 1393 quae
1284 1345 1487 1384 videantur
1516 1352 1554 1384 et
1585 1359 1657 1385 uno

160 1407 368 1457 eodemque
396 1411 568 1456 tempore
597 1413 635 1447 et
662 1412 767 1447 certo
798 1409 962 1457 quodam
992 1409 1151 1447 consilio
1172 1410 1388 1458 insculptae
1417 1421 1514 1457 esse,
1544 1411 1657 1448 etiam

158 1474 274 1520 atque
304 1472 419 1510 etiam
454 1473 654 1520 quaerenti
682 1472 772 1509 mihi
800 1473 976 1520 persuasi
1011 1472 1104 1509 illud
1140 1473 1333 1510 vinculum
1362 1485 1438 1511 non
1468 1485 1551 1511 esse
1581 1485 1656 1511 non

157 1545 272 1582 posse
300 1534 565 1573 Mithridatem
594 1535 792 1573 Ponticum
822 1557 871 1561 —-
899 1535 959 1573 hic
994 1536 1093 1572 enim
1136 1536 1239 1573 solus
1283 1547 1434 1584 semper
1476 1535 1657 1574 studebat

157 1597 284 1635 varios
312 1596 482 1636 Orientis
523 1609 634 1646 reges
675 1598 915 1646 populosque
959 1609 1085 1636 secum
1129 1599 1311 1637 societate
1339 1604 1548 1647 mutuaque
1585 1598 1658 1637 fide

157 1659 329 1707 iungere,
358 1665 402 1699 ut
421 1673 549 1699 eorum
572 1661 709 1709 opibus
729 1665 863 1699 contra
890 1661 1074 1709 populum
1095 1661 1309 1699 Romanum
1336 1666 1521 1708 uteretur,
1552 1663 1656 1700 solus

157 1721 388 1761 Parthorum
408 1725 509 1772 regis
530 1725 743 1762 ministrum
769 1725 808 1761 in
827 1724 1008 1771 templum
1031 1723 1217 1761 deliacum
1247 1724 1492 1763 introducere
1520 1727 1657 1773 potuit,

156 1784 320 1834 denique
349 1787 381 1824 si
409 1798 484 1824 non
511 1787 652 1835 ipsius,
687 1790 728 1824 at
757 1790 939 1834 quattuor
967 1787 1048 1824 eius
1083 1787 1290 1824 amicorum
1327 1787 1540 1836 ducumque
1579 1790 1658 1836 pri·

155 1859 303 1886 morum
331 1850 522 1887 exercitus
551 1851 606 1896 (in
642 1849 701 1888 his
735 1850 927 1898 Dorylaus
958 1849 1168 1887 Philetaeri
1197 1849 1220 1887 f.
1259 1855 1296 1887 et
1324 1850 1442 1889 Gaius
1472 1851 1654 1890 Hermaei

156 1909 181 1948 f.
202 1910 390 1950 notissimi
410 1915 527 1959 sunt),
556 1916 598 1951 ut
616 1914 690 1951 iam
712 1912 803 1959 dixi,
833 1913 1037 1950 simulacra
1057 1912 1252 1951 habemus.
1302 1913 1385 1960 Qua
1409 1925 1449 1952 re
1471 1914 1656 1952 discimus

156 1973 231 2012 iam
259 1978 348 2013 ante
384 1986 525 2014 annum
553 1987 587 2014 a.
608 1988 644 2013 u.
666 1987 697 2013 c.
727 1980 800 2014 658
821 1990 863 2005 =
884 1980 931 2014 96
962 1988 995 2014 a.
1018 1975 1104 2013 Chr.
1127 1988 1162 2014 n.
1207 1976 1294 2020 (hoc
1336 1978 1435 2014 enim
1477 1989 1576 2015 anno
1621 1983 1658 2016 et

156 2037 369 2076 Antiochus
402 2037 517 2085 vm„
546 2050 614 2076 rex
643 2037 776 2086 Syriae
807 2042 844 2076 et
872 2038 1097 2084 Ariarathes
1126 2039 1375 2085 Philometor,
1406 2051 1472 2077 rex
1503 2040 1655 2088 Cappa-

158 2099 292 2139 dociae
319 2104 480 2139 mortem
501 2101 691 2148 obierunt,
721 2113 882 2149 quorum
901 2102 1084 2148 imagines
1114 2101 1174 2139 hic
1195 2106 1347 2139 exstant
1374 2103 1474 2140 inter
1503 2108 1652 2142 ceteras

158 2163 390 2212 insculptae)
419 2163 682 2203 Mithridatem
704 2165 852 2213 cepisse
874 2165 1073 2203 consilium
1103 2165 1194 2203 belli
1215 2176 1299 2203 cum
1320 2167 1462 2214 populo
1484 2167 1656 2206 Romano

157 2226 314 2273 gerendi
342 2231 458 2275 atque
486 2227 526 2265 id
554 2229 698 2276 egisse,
736 2234 778 2266 ut
807 2240 918 2277 quam
955 2229 1138 2277 plurimos
1174 2230 1220 2267 iis
1249 2235 1491 2278 compararet
1528 2231 1656 2268 hostes

157 2289 258 2327 inter
285 2289 454 2328 Orientis
482 2302 592 2339 reges
621 2295 660 2329 et
688 2291 874 2330 Graeciae
902 2297 1053 2339 gentes,
1088 2292 1175 2330 odio
1204 2293 1269 2331 illo
1299 2293 1462 2331 Romani
1493 2295 1654 2332 nominis

158 2352 388 2400 exagitatus,
417 2352 520 2401 quod
548 2364 619 2401 per
645 2357 763 2392 totam
793 2355 907 2392 vitam
937 2355 1104 2392 retinuit.

263 2414 338 2453 Sed
377 2414 499 2454 Delus
541 2416 693 2465 quidem
737 2417 865 2455 insula
910 2429 1015 2466 spem
1062 2419 1162 2465 regis
1204 2417 1339 2456 fefellit
1380 2425 1497 2467 atque
1540 2420 1653 2457 etiam

157 2476 457 2517 Atheniensibus
499 2482 631 2527 partes
673 2481 754 2518 eius
789 2481 975 2528 amplexis
1018 2481 1057 2518 in
1098 2480 1171 2519 fide
1207 2482 1339 2529 populi
1369 2482 1532 2521 Romani
1570 2494 1655 2530 per·

250 2621 278 2663 ¹)
302 2619 340 2656 C.
354 2620 381 2655 I.
395 2620 437 2656 G.
455 2622 543 2656 2277
569 2625 606 2656 et
628 2623 763 2665 2277a;
789 2621 881 2657 Bull.
908 2621 940 2657 d.
967 2622 1063 2657 Corr.
1091 2622 1182 2657 Hell.
1201 2623 1297 2667 vul,
1324 2634 1356 2668 p.
1380 2626 1442 2658 103
1467 2629 1499 2658 et
1531 2626 1601 2658 104.

247 2675 278 2717 ²)
302 2675 373 2713 cfr.
398 2686 490 2721 quae
515 2676 558 2712 de
584 2677 641 2712 his
665 2678 780 2713 titulis
798 2684 834 2713 et
851 2678 1064 2723 imaginibus
1089 2690 1130 2714 ac
1149 2679 1192 2714 de
1218 2681 1379 2724 personis
1398 2680 1484 2724 ipsis
1505 2691 1654 2717 comme-

158 2731 305 2768 moratis
329 2732 523 2779 disputavit
547 2734 723 2770 Reinach:
762 2735 852 2770 Bull.
878 2735 910 2770 d.
938 2736 1033 2771 Corr.
1061 2736 1152 2772 Hell.
1171 2736 1249 2775 Vll.
1276 2748 1308 2782 p.
1325 2739 1517 2774 346—364.
