<?xml version="1.0" encoding="UTF-8"?>
<!DOCTYPE html PUBLIC "-//W3C//DTD XHTML 1.0 Transitional//EN"
    "http://www.w3.org/TR/xhtml1/DTD/xhtml1-transitional.dtd">
<html xmlns="http://www.w3.org/1999/xhtml" xml:lang="en" lang="en">
 <head>
  <title>
</title>
<meta http-equiv="Content-Type" content="text/html;charset=utf-8" />
  <meta name='ocr-system' content='tesseract 3.04.00' />
  <meta name='ocr-capabilities' content='ocr_page ocr_carea ocr_par ocr_line ocrx_word'/>
</head>
<body>
  <div class='ocr_page' id='page_1' title='image "./dedeliinsulaereb00scho_0168.png"; bbox 0 0 1957 3293; ppageno 0'>
   <div class='ocr_carea' id='block_1_1' title="bbox 883 300 1187 341">
    <p class='ocr_par' dir='ltr' id='par_1_1' title="bbox 883 300 1187 341">
     <span class='ocr_line' id='line_1_1' title="bbox 883 300 1187 341; baseline 0 0"><span class='ocrx_word' id='word_1_1' title='bbox 883 300 1187 341; x_wconf 84' lang='lat'>—156—</span> 
     </span>
    </p>
   </div>
   <div class='ocr_carea' id='block_1_2' title="bbox 288 422 1794 2106">
    <p class='ocr_par' dir='ltr' id='par_1_2' title="bbox 288 422 1794 2106">
     <span class='ocr_line' id='line_1_2' title="bbox 288 422 1780 473; baseline 0 -11"><span class='ocrx_word' id='word_1_2' title='bbox 288 426 470 463; x_wconf 76' lang='lat' dir='ltr'>remansit</span> <span class='ocrx_word' id='word_1_3' title='bbox 496 425 682 473; x_wconf 85' lang='lat' dir='ltr'>pecuniae</span> <span class='ocrx_word' id='word_1_4' title='bbox 711 435 857 462; x_wconf 91' lang='lat' dir='ltr'>summa</span> <span class='ocrx_word' id='word_1_5' title='bbox 878 423 1098 462; x_wconf 84' lang='lat' dir='ltr'>succedenti</span> <span class='ocrx_word' id='word_1_6' title='bbox 1127 423 1419 471; x_wconf 88' lang='lat' dir='ltr'>hieropoeorum</span> <span class='ocrx_word' id='word_1_7' title='bbox 1446 423 1608 472; x_wconf 82' lang='lat' dir='ltr'>collegio</span> <span class='ocrx_word' id='word_1_8' title='bbox 1635 422 1780 462; x_wconf 81' lang='lat' dir='ltr'>tradita</span> 
     </span>
     <span class='ocr_line' id='line_1_3' title="bbox 290 484 1787 537; baseline -0.002 -11"><span class='ocrx_word' id='word_1_9' title='bbox 290 487 524 530; x_wconf 81' lang='lat' dir='ltr'>scribitur.⁹)</span> <span class='ocrx_word' id='word_1_10' title='bbox 571 487 628 525; x_wconf 86' lang='lat' dir='ltr'>De</span> <span class='ocrx_word' id='word_1_11' title='bbox 656 487 743 534; x_wconf 82' lang='lat' dir='ltr'>illis,</span> <span class='ocrx_word' id='word_1_12' title='bbox 773 499 871 534; x_wconf 86' lang='lat' dir='ltr'>quae</span> <span class='ocrx_word' id='word_1_13' title='bbox 900 491 1125 535; x_wconf 84' lang='lat' dir='ltr'>sequuntur,</span> <span class='ocrx_word' id='word_1_14' title='bbox 1154 486 1368 524; x_wconf 88' lang='lat' dir='ltr'>rationibus</span> <span class='ocrx_word' id='word_1_15' title='bbox 1396 485 1568 535; x_wconf 75' lang='grc' dir='ltr'><em>κιβωτοῦ</em></span> <span class='ocrx_word' id='word_1_16' title='bbox 1596 484 1787 537; x_wconf 79' lang='grc' dir='ltr'><em>δημοσίας</em></span> 
     </span>
     <span class='ocr_line' id='line_1_4' title="bbox 290 549 1791 599; baseline -0.001 -11"><span class='ocrx_word' id='word_1_17' title='bbox 290 552 582 599; x_wconf 82' lang='lat' dir='ltr'>hieropoeorum</span> <span class='ocrx_word' id='word_1_18' title='bbox 608 562 722 588; x_wconf 88' lang='lat' dir='ltr'>curae</span> <span class='ocrx_word' id='word_1_19' title='bbox 753 550 969 596; x_wconf 78' lang='lat' dir='ltr'>mandatae,</span> <span class='ocrx_word' id='word_1_20' title='bbox 998 561 1082 587; x_wconf 90' lang='lat' dir='ltr'>cum</span> <span class='ocrx_word' id='word_1_21' title='bbox 1111 550 1186 588; x_wconf 89' lang='lat' dir='ltr'>iam</span> <span class='ocrx_word' id='word_1_22' title='bbox 1215 549 1436 588; x_wconf 87' lang='lat' dir='ltr'>necessaria</span> <span class='ocrx_word' id='word_1_23' title='bbox 1463 560 1562 597; x_wconf 87' lang='lat' dir='ltr'>quae</span> <span class='ocrx_word' id='word_1_24' title='bbox 1589 549 1672 588; x_wconf 80' lang='lat' dir='ltr'>visa</span> <span class='ocrx_word' id='word_1_25' title='bbox 1700 553 1791 587; x_wconf 87' lang='lat' dir='ltr'>sunt</span> 
     </span>
     <span class='ocr_line' id='line_1_5' title="bbox 291 611 1784 662; baseline -0.001 -10"><span class='ocrx_word' id='word_1_26' title='bbox 291 625 409 662; x_wconf 90' lang='lat' dir='ltr'>supra</span> <span class='ocrx_word' id='word_1_27' title='bbox 445 615 707 662; x_wconf 84' lang='lat' dir='ltr'>exposuerim,</span> <span class='ocrx_word' id='word_1_28' title='bbox 743 613 837 650; x_wconf 88' lang='lat' dir='ltr'>nihil</span> <span class='ocrx_word' id='word_1_29' title='bbox 872 613 1014 659; x_wconf 84' lang='lat' dir='ltr'>dicam,</span> <span class='ocrx_word' id='word_1_30' title='bbox 1052 613 1123 650; x_wconf 88' lang='lat' dir='ltr'>nisi</span> <span class='ocrx_word' id='word_1_31' title='bbox 1161 623 1226 650; x_wconf 87' lang='lat' dir='ltr'>eas</span> <span class='ocrx_word' id='word_1_32' title='bbox 1262 623 1415 660; x_wconf 87' lang='lat' dir='ltr'>quoque</span> <span class='ocrx_word' id='word_1_33' title='bbox 1449 612 1517 650; x_wconf 81' lang='lat' dir='ltr'>tali</span> <span class='ocrx_word' id='word_1_34' title='bbox 1551 611 1664 651; x_wconf 91' lang='lat' dir='ltr'>modo</span> <span class='ocrx_word' id='word_1_35' title='bbox 1699 623 1784 651; x_wconf 89' lang='lat' dir='ltr'>esse</span> 
     </span>
     <span class='ocr_line' id='line_1_6' title="bbox 288 674 1785 726; baseline -0.001 -11"><span class='ocrx_word' id='word_1_36' title='bbox 288 678 544 726; x_wconf 82' lang='lat' dir='ltr'>perscriptas,</span> <span class='ocrx_word' id='word_1_37' title='bbox 591 681 631 714; x_wconf 86' lang='lat' dir='ltr'>ut</span> <span class='ocrx_word' id='word_1_38' title='bbox 666 677 788 725; x_wconf 90' lang='lat' dir='ltr'>primo</span> <span class='ocrx_word' id='word_1_39' title='bbox 823 677 862 713; x_wconf 88' lang='lat' dir='ltr'>in</span> <span class='ocrx_word' id='word_1_40' title='bbox 897 687 989 714; x_wconf 88' lang='lat' dir='ltr'>arca</span> <span class='ocrx_word' id='word_1_41' title='bbox 1022 677 1216 719; x_wconf 81' lang='lat' dir='ltr'>iuventae,</span> <span class='ocrx_word' id='word_1_42' title='bbox 1261 674 1400 713; x_wconf 87' lang='lat' dir='ltr'>deinde</span> <span class='ocrx_word' id='word_1_43' title='bbox 1434 676 1474 713; x_wconf 90' lang='lat' dir='ltr'>in</span> <span class='ocrx_word' id='word_1_44' title='bbox 1508 687 1592 714; x_wconf 87' lang='lat' dir='ltr'>eam</span> <span class='ocrx_word' id='word_1_45' title='bbox 1626 675 1785 720; x_wconf 78' lang='lat' dir='ltr'>relatae,</span> 
     </span>
     <span class='ocr_line' id='line_1_7' title="bbox 293 737 1788 788; baseline -0.001 -11"><span class='ocrx_word' id='word_1_46' title='bbox 293 745 486 788; x_wconf 88' lang='lat' dir='ltr'>postremo</span> <span class='ocrx_word' id='word_1_47' title='bbox 525 751 716 788; x_wconf 83' lang='lat' dir='ltr'>expensae</span> <span class='ocrx_word' id='word_1_48' title='bbox 754 744 1004 777; x_wconf 85' lang='lat' dir='ltr'>numerentur</span> <span class='ocrx_word' id='word_1_49' title='bbox 1038 739 1245 786; x_wconf 81' lang='lat' dir='ltr'>pecuniae,</span> <span class='ocrx_word' id='word_1_50' title='bbox 1274 737 1439 786; x_wconf 92' lang='lat' dir='ltr'>denique</span> <span class='ocrx_word' id='word_1_51' title='bbox 1469 749 1616 777; x_wconf 88' lang='lat' dir='ltr'>summa</span> <span class='ocrx_word' id='word_1_52' title='bbox 1643 749 1788 786; x_wconf 85' lang='lat' dir='ltr'>earum,</span> 
     </span>
     <span class='ocr_line' id='line_1_8' title="bbox 291 799 1788 850; baseline -0.001 -10"><span class='ocrx_word' id='word_1_53' title='bbox 291 813 389 850; x_wconf 86' lang='lat' dir='ltr'>quae</span> <span class='ocrx_word' id='word_1_54' title='bbox 420 804 458 840; x_wconf 90' lang='lat' dir='ltr'>in</span> <span class='ocrx_word' id='word_1_55' title='bbox 487 814 578 841; x_wconf 89' lang='lat' dir='ltr'>arca</span> <span class='ocrx_word' id='word_1_56' title='bbox 607 803 834 840; x_wconf 84' lang='lat' dir='ltr'>restiterunt</span> <span class='ocrx_word' id='word_1_57' title='bbox 862 801 1104 850; x_wconf 84' lang='lat' dir='ltr'>traditaeque</span> <span class='ocrx_word' id='word_1_58' title='bbox 1134 805 1224 839; x_wconf 82' lang='lat' dir='ltr'>sunt</span> <span class='ocrx_word' id='word_1_59' title='bbox 1252 799 1610 845; x_wconf 85' lang='lat' dir='ltr'>successoribus.²⁰›</span> <span class='ocrx_word' id='word_1_60' title='bbox 1655 799 1788 839; x_wconf 87' lang='lat' dir='ltr'>Credi-</span> 
     </span>
     <span class='ocr_line' id='line_1_9' title="bbox 290 862 1790 912; baseline -0.001 -10"><span class='ocrx_word' id='word_1_61' title='bbox 290 865 393 903; x_wconf 86' lang='lat' dir='ltr'>deris</span> <span class='ocrx_word' id='word_1_62' title='bbox 435 866 509 904; x_wconf 89' lang='lat' dir='ltr'>iam</span> <span class='ocrx_word' id='word_1_63' title='bbox 551 877 635 903; x_wconf 81' lang='lat' dir='ltr'>esse</span> <span class='ocrx_word' id='word_1_64' title='bbox 673 866 842 903; x_wconf 84' lang='lat' dir='ltr'>rationes</span> <span class='ocrx_word' id='word_1_65' title='bbox 877 876 1007 903; x_wconf 88' lang='lat' dir='ltr'>omnes</span> <span class='ocrx_word' id='word_1_66' title='bbox 1042 864 1091 902; x_wconf 86' lang='lat' dir='ltr'>ad</span> <span class='ocrx_word' id='word_1_67' title='bbox 1125 863 1236 902; x_wconf 89' lang='lat' dir='ltr'>finem</span> <span class='ocrx_word' id='word_1_68' title='bbox 1272 863 1498 912; x_wconf 80' lang='lat' dir='ltr'>perductas3</span> <span class='ocrx_word' id='word_1_69' title='bbox 1534 862 1602 902; x_wconf 87' lang='lat' dir='ltr'>sed</span> <span class='ocrx_word' id='word_1_70' title='bbox 1638 863 1790 902; x_wconf 86' lang='lat' dir='ltr'>initium</span> 
     </span>
     <span class='ocr_line' id='line_1_10' title="bbox 291 926 1789 975; baseline -0.001 -10"><span class='ocrx_word' id='word_1_71' title='bbox 291 928 380 965; x_wconf 91' lang='lat' dir='ltr'>hinc</span> <span class='ocrx_word' id='word_1_72' title='bbox 416 927 528 966; x_wconf 90' lang='lat' dir='ltr'>modo</span> <span class='ocrx_word' id='word_1_73' title='bbox 565 927 710 966; x_wconf 85' lang='lat' dir='ltr'>faciunt</span> <span class='ocrx_word' id='word_1_74' title='bbox 744 928 940 975; x_wconf 90' lang='lat' dir='ltr'>hieropoei</span> <span class='ocrx_word' id='word_1_75' title='bbox 975 928 1024 973; x_wconf 88' lang='lat' dir='ltr'>(si</span> <span class='ocrx_word' id='word_1_76' title='bbox 1053 927 1206 965; x_wconf 84' lang='lat' dir='ltr'>omittas</span> <span class='ocrx_word' id='word_1_77' title='bbox 1235 926 1331 964; x_wconf 88' lang='lat' dir='ltr'>duas</span> <span class='ocrx_word' id='word_1_78' title='bbox 1360 926 1446 965; x_wconf 87' lang='lat' dir='ltr'>illas</span> <span class='ocrx_word' id='word_1_79' title='bbox 1474 936 1641 964; x_wconf 87' lang='lat' dir='ltr'>summas</span> <span class='ocrx_word' id='word_1_80' title='bbox 1669 937 1789 974; x_wconf 88' lang='lat' dir='ltr'>supra</span> 
     </span>
     <span class='ocr_line' id='line_1_11' title="bbox 291 988 1790 1038; baseline -0.001 -10"><span class='ocrx_word' id='word_1_81' title='bbox 291 993 623 1035; x_wconf 83' lang='lat' dir='ltr'>commemoratas)</span> <span class='ocrx_word' id='word_1_82' title='bbox 654 991 839 1038; x_wconf 84' lang='lat' dir='ltr'>pecuniae</span> <span class='ocrx_word' id='word_1_83' title='bbox 860 989 1172 1038; x_wconf 84' lang='lat' dir='ltr'>perscribendae,</span> <span class='ocrx_word' id='word_1_84' title='bbox 1202 1000 1315 1037; x_wconf 87' lang='lat' dir='ltr'>quam</span> <span class='ocrx_word' id='word_1_85' title='bbox 1335 990 1410 1037; x_wconf 89' lang='lat' dir='ltr'>ipsi</span> <span class='ocrx_word' id='word_1_86' title='bbox 1440 1001 1460 1027; x_wconf 92' lang='lat' dir='ltr'>e</span> <span class='ocrx_word' id='word_1_87' title='bbox 1489 989 1600 1028; x_wconf 90' lang='lat' dir='ltr'>bonis</span> <span class='ocrx_word' id='word_1_88' title='bbox 1628 988 1690 1027; x_wconf 86' lang='lat' dir='ltr'>dei</span> <span class='ocrx_word' id='word_1_89' title='bbox 1719 1001 1790 1038; x_wconf 90' lang='lat' dir='ltr'>per</span> 
     </span>
     <span class='ocr_line' id='line_1_12' title="bbox 290 1049 1792 1102; baseline -0.001 -11"><span class='ocrx_word' id='word_1_90' title='bbox 290 1053 390 1091; x_wconf 89' lang='lat' dir='ltr'>hunc</span> <span class='ocrx_word' id='word_1_91' title='bbox 424 1054 547 1101; x_wconf 84' lang='lat' dir='ltr'>ipsum</span> <span class='ocrx_word' id='word_1_92' title='bbox 583 1064 723 1091; x_wconf 89' lang='lat' dir='ltr'>annum</span> <span class='ocrx_word' id='word_1_93' title='bbox 759 1056 1037 1100; x_wconf 89' lang='lat' dir='ltr'>perceperunt:</span> <span class='ocrx_word' id='word_1_94' title='bbox 1080 1050 1144 1088; x_wconf 79' lang='grc' dir='ltr'>καὶ</span> <span class='ocrx_word' id='word_1_95' title='bbox 1172 1050 1265 1088; x_wconf 80' lang='grc' dir='ltr'><em>τάδε</em></span> <span class='ocrx_word' id='word_1_96' title='bbox 1304 1049 1397 1088; x_wconf 81' lang='grc' dir='ltr'><em>ἄλλο</em></span> <span class='ocrx_word' id='word_1_97' title='bbox 1426 1050 1608 1102; x_wconf 80' lang='grc' dir='ltr'><strong><em>ἀργύριον</em></strong></span> <span class='ocrx_word' id='word_1_98' title='bbox 1642 1050 1792 1102; x_wconf 79' lang='grc' dir='ltr'><em>εἶσήκει</em></span> 
     </span>
     <span class='ocr_line' id='line_1_13' title="bbox 291 1114 1791 1165; baseline 0 -13"><span class='ocrx_word' id='word_1_99' title='bbox 291 1117 347 1165; x_wconf 80' lang='grc' dir='ltr'>τῷ</span> <span class='ocrx_word' id='word_1_100' title='bbox 377 1115 472 1164; x_wconf 73' lang='grc' dir='ltr'><em>θεῷς</em></span> <span class='ocrx_word' id='word_1_101' title='bbox 515 1127 559 1154; x_wconf 89' lang='lat' dir='ltr'>ac</span> <span class='ocrx_word' id='word_1_102' title='bbox 601 1116 788 1164; x_wconf 83' lang='lat' dir='ltr'>discripta</span> <span class='ocrx_word' id='word_1_103' title='bbox 823 1120 880 1154; x_wconf 86' lang='lat' dir='ltr'>est</span> <span class='ocrx_word' id='word_1_104' title='bbox 921 1115 991 1154; x_wconf 91' lang='lat' dir='ltr'>sub</span> <span class='ocrx_word' id='word_1_105' title='bbox 1033 1115 1092 1153; x_wconf 86' lang='lat' dir='ltr'>his</span> <span class='ocrx_word' id='word_1_106' title='bbox 1135 1115 1276 1153; x_wconf 88' lang='lat' dir='ltr'>titulis:</span> <span class='ocrx_word' id='word_1_107' title='bbox 1318 1114 1516 1153; x_wconf 91' lang='lat' dir='ltr'>domorum</span> <span class='ocrx_word' id='word_1_108' title='bbox 1558 1115 1791 1154; x_wconf 90' lang='lat' dir='ltr'>locationum</span> 
     </span>
     <span class='ocr_line' id='line_1_14' title="bbox 293 1176 1790 1229; baseline 0 -15"><span class='ocrx_word' id='word_1_109' title='bbox 293 1176 523 1225; x_wconf 77' lang='grc' dir='ltr'>(ἐνοικίων),</span> <span class='ocrx_word' id='word_1_110' title='bbox 562 1178 766 1216; x_wconf 88' lang='lat' dir='ltr'>fundorum</span> <span class='ocrx_word' id='word_1_111' title='bbox 796 1179 1026 1217; x_wconf 88' lang='lat' dir='ltr'>locationum</span> <span class='ocrx_word' id='word_1_112' title='bbox 1057 1176 1319 1229; x_wconf 76' lang='grc' dir='ltr'>(ἐνηροσίων),</span> <span class='ocrx_word' id='word_1_113' title='bbox 1347 1178 1590 1226; x_wconf 84' lang='lat' dir='ltr'>vectigalium</span> <span class='ocrx_word' id='word_1_114' title='bbox 1620 1177 1790 1225; x_wconf 84' lang='grc' dir='ltr'>(τελῶν),</span> 
     </span>
     <span class='ocr_line' id='line_1_15' title="bbox 292 1238 1793 1291; baseline -0.001 -11"><span class='ocrx_word' id='word_1_115' title='bbox 292 1242 478 1280; x_wconf 85' lang='lat' dir='ltr'>donorum</span> <span class='ocrx_word' id='word_1_116' title='bbox 515 1238 578 1284; x_wconf 84' lang='grc' dir='ltr'>(ἐκ</span> <span class='ocrx_word' id='word_1_117' title='bbox 609 1241 856 1291; x_wconf 68' lang='grc' dir='ltr'>θησαυρῶν),</span> <span class='ocrx_word' id='word_1_118' title='bbox 893 1253 1097 1280; x_wconf 88' lang='lat' dir='ltr'>usurarum</span> <span class='ocrx_word' id='word_1_119' title='bbox 1134 1240 1311 1287; x_wconf 84' lang='grc' dir='ltr'>(δανείων</span> <span class='ocrx_word' id='word_1_120' title='bbox 1340 1239 1404 1277; x_wconf 80' lang='grc' dir='ltr'>καὶ</span> <span class='ocrx_word' id='word_1_121' title='bbox 1433 1239 1577 1287; x_wconf 80' lang='grc' dir='ltr'>τόκων)</span> <span class='ocrx_word' id='word_1_122' title='bbox 1612 1262 1662 1268; x_wconf 91' lang='grc'>-</span> <span class='ocrx_word' id='word_1_123' title='bbox 1696 1239 1793 1279; x_wconf 84' lang='lat' dir='ltr'>haec</span> 
     </span>
     <span class='ocr_line' id='line_1_16' title="bbox 293 1301 1793 1354; baseline -0.001 -12"><span class='ocrx_word' id='word_1_124' title='bbox 293 1305 420 1343; x_wconf 85' lang='lat' dir='ltr'>omnia</span> <span class='ocrx_word' id='word_1_125' title='bbox 454 1305 674 1352; x_wconf 83' lang='lat' dir='ltr'>percepisse</span> <span class='ocrx_word' id='word_1_126' title='bbox 713 1315 753 1342; x_wconf 87' lang='lat' dir='ltr'>se</span> <span class='ocrx_word' id='word_1_127' title='bbox 783 1304 975 1351; x_wconf 84' lang='lat' dir='ltr'>scribunt,</span> <span class='ocrx_word' id='word_1_128' title='bbox 1005 1315 1081 1342; x_wconf 90' lang='lat' dir='ltr'>non</span> <span class='ocrx_word' id='word_1_129' title='bbox 1110 1303 1243 1342; x_wconf 89' lang='lat' dir='ltr'>dicunt</span> <span class='ocrx_word' id='word_1_130' title='bbox 1270 1304 1309 1341; x_wconf 93' lang='lat' dir='ltr'>in</span> <span class='ocrx_word' id='word_1_131' title='bbox 1337 1301 1509 1352; x_wconf 78' lang='grc' dir='ltr'><em>κιβωτὸν</em></span> <span class='ocrx_word' id='word_1_132' title='bbox 1536 1301 1644 1354; x_wconf 79' lang='grc' dir='ltr'><em>ἱερὰν</em></span> <span class='ocrx_word' id='word_1_133' title='bbox 1671 1306 1793 1341; x_wconf 88' lang='lat' dir='ltr'>rettu-</span> 
     </span>
     <span class='ocr_line' id='line_1_17' title="bbox 292 1366 1791 1415; baseline 0 -11"><span class='ocrx_word' id='word_1_134' title='bbox 292 1366 452 1411; x_wconf 72' lang='lat' dir='ltr'>fisse-¹¹)</span> <span class='ocrx_word' id='word_1_135' title='bbox 497 1367 624 1414; x_wconf 87' lang='lat' dir='ltr'>Atque</span> <span class='ocrx_word' id='word_1_136' title='bbox 645 1366 770 1405; x_wconf 91' lang='lat' dir='ltr'>denuo</span> <span class='ocrx_word' id='word_1_137' title='bbox 792 1371 1006 1415; x_wconf 90' lang='lat' dir='ltr'>sequuntur</span> <span class='ocrx_word' id='word_1_138' title='bbox 1026 1368 1195 1405; x_wconf 86' lang='lat' dir='ltr'>rationes</span> <span class='ocrx_word' id='word_1_139' title='bbox 1222 1377 1297 1405; x_wconf 90' lang='lat' dir='ltr'>non</span> <span class='ocrx_word' id='word_1_140' title='bbox 1325 1377 1560 1414; x_wconf 86' lang='lat' dir='ltr'>magnarum,</span> <span class='ocrx_word' id='word_1_141' title='bbox 1589 1369 1632 1404; x_wconf 82' lang='lat' dir='ltr'>ut</span> <span class='ocrx_word' id='word_1_142' title='bbox 1660 1376 1791 1414; x_wconf 85' lang='lat' dir='ltr'>supra,</span> 
     </span>
     <span class='ocr_line' id='line_1_18' title="bbox 291 1428 1791 1477; baseline 0 -11"><span class='ocrx_word' id='word_1_143' title='bbox 291 1430 553 1477; x_wconf 86' lang='lat' dir='ltr'>pecuniarum,</span> <span class='ocrx_word' id='word_1_144' title='bbox 589 1428 656 1467; x_wconf 78' lang='lat' dir='ltr'>sed</span> <span class='ocrx_word' id='word_1_145' title='bbox 677 1441 721 1467; x_wconf 92' lang='lat' dir='ltr'>eo</span> <span class='ocrx_word' id='word_1_146' title='bbox 748 1429 921 1467; x_wconf 86' lang='lat' dir='ltr'>crebrius</span> <span class='ocrx_word' id='word_1_147' title='bbox 951 1440 1219 1477; x_wconf 86' lang='lat' dir='ltr'>expensarum,</span> <span class='ocrx_word' id='word_1_148' title='bbox 1247 1433 1363 1477; x_wconf 86' lang='lat' dir='ltr'>atque</span> <span class='ocrx_word' id='word_1_149' title='bbox 1391 1429 1457 1475; x_wconf 84' lang='lat' dir='ltr'>ita,</span> <span class='ocrx_word' id='word_1_150' title='bbox 1484 1432 1528 1467; x_wconf 90' lang='lat' dir='ltr'>ut</span> <span class='ocrx_word' id='word_1_151' title='bbox 1555 1429 1678 1476; x_wconf 88' lang='lat' dir='ltr'>primo</span> <span class='ocrx_word' id='word_1_152' title='bbox 1706 1428 1791 1467; x_wconf 91' lang='lat' dir='ltr'>loco</span> 
     </span>
     <span class='ocr_line' id='line_1_19' title="bbox 296 1489 1791 1540; baseline 0 -11"><span class='ocrx_word' id='word_1_153' title='bbox 296 1492 534 1538; x_wconf 80' lang='lat' dir='ltr'>scribantur,</span> <span class='ocrx_word' id='word_1_154' title='bbox 571 1504 668 1540; x_wconf 91' lang='lat' dir='ltr'>quae</span> <span class='ocrx_word' id='word_1_155' title='bbox 698 1492 748 1530; x_wconf 90' lang='lat' dir='ltr'>ad</span> <span class='ocrx_word' id='word_1_156' title='bbox 776 1503 887 1530; x_wconf 86' lang='lat' dir='ltr'>sacra</span> <span class='ocrx_word' id='word_1_157' title='bbox 915 1496 1112 1530; x_wconf 88' lang='lat' dir='ltr'>menstrua</span> <span class='ocrx_word' id='word_1_158' title='bbox 1139 1489 1392 1538; x_wconf 73' lang='lat' dir='ltr'>facienda‚¹²)</span> <span class='ocrx_word' id='word_1_159' title='bbox 1428 1490 1566 1529; x_wconf 90' lang='lat' dir='ltr'>deinde</span> <span class='ocrx_word' id='word_1_160' title='bbox 1595 1501 1662 1535; x_wconf 85' lang='lat' dir='ltr'>ea,</span> <span class='ocrx_word' id='word_1_161' title='bbox 1692 1502 1791 1540; x_wconf 88' lang='lat' dir='ltr'>quae</span> 
     </span>
     <span class='ocr_line' id='line_1_20' title="bbox 295 1553 1791 1602; baseline 0.001 -11"><span class='ocrx_word' id='word_1_162' title='bbox 295 1566 314 1592; x_wconf 90' lang='lat' dir='ltr'>e</span> <span class='ocrx_word' id='word_1_163' title='bbox 344 1553 491 1601; x_wconf 87' lang='lat' dir='ltr'>legibus</span> <span class='ocrx_word' id='word_1_164' title='bbox 526 1555 736 1602; x_wconf 87' lang='lat' dir='ltr'>populique</span> <span class='ocrx_word' id='word_1_165' title='bbox 776 1555 940 1592; x_wconf 89' lang='lat' dir='ltr'>decretis</span> <span class='ocrx_word' id='word_1_166' title='bbox 978 1558 1067 1592; x_wconf 87' lang='lat' dir='ltr'>sunt</span> <span class='ocrx_word' id='word_1_167' title='bbox 1101 1553 1291 1602; x_wconf 57' lang='lat' dir='ltr'>pensan)</span> <span class='ocrx_word' id='word_1_168' title='bbox 1353 1553 1643 1601; x_wconf 83' lang='lat' dir='ltr'>Subiunguntur</span> <span class='ocrx_word' id='word_1_169' title='bbox 1676 1563 1791 1602; x_wconf 88' lang='lat' dir='ltr'>pecu-</span> 
     </span>
     <span class='ocr_line' id='line_1_21' title="bbox 292 1616 1791 1665; baseline -0.001 -11"><span class='ocrx_word' id='word_1_170' title='bbox 292 1618 377 1655; x_wconf 90' lang='lat' dir='ltr'>niae</span> <span class='ocrx_word' id='word_1_171' title='bbox 406 1622 560 1655; x_wconf 86' lang='lat' dir='ltr'>mutuae</span> <span class='ocrx_word' id='word_1_172' title='bbox 589 1617 638 1655; x_wconf 90' lang='lat' dir='ltr'>ab</span> <span class='ocrx_word' id='word_1_173' title='bbox 667 1618 882 1664; x_wconf 84' lang='lat' dir='ltr'>hieropoeis</span> <span class='ocrx_word' id='word_1_174' title='bbox 912 1617 1025 1656; x_wconf 88' lang='lat' dir='ltr'>datae</span> <span class='ocrx_word' id='word_1_175' title='bbox 1054 1617 1270 1655; x_wconf 88' lang='lat' dir='ltr'>hominibus</span> <span class='ocrx_word' id='word_1_176' title='bbox 1300 1616 1527 1665; x_wconf 90' lang='lat' dir='ltr'>quibusdam</span> <span class='ocrx_word' id='word_1_177' title='bbox 1555 1617 1730 1665; x_wconf 84' lang='lat' dir='ltr'>privatis.</span> <span class='ocrx_word' id='word_1_178' title='bbox 1743 1616 1791 1663; x_wconf 76' lang='lat'>¹⁴)</span> 
     </span>
     <span class='ocr_line' id='line_1_22' title="bbox 293 1679 1793 1728; baseline 0.001 -11"><span class='ocrx_word' id='word_1_179' title='bbox 293 1680 399 1727; x_wconf 86' lang='lat' dir='ltr'>Quae</span> <span class='ocrx_word' id='word_1_180' title='bbox 442 1679 580 1718; x_wconf 91' lang='lat' dir='ltr'>deinde</span> <span class='ocrx_word' id='word_1_181' title='bbox 622 1682 660 1717; x_wconf 92' lang='lat' dir='ltr'>in</span> <span class='ocrx_word' id='word_1_182' title='bbox 704 1680 921 1718; x_wconf 86' lang='lat' dir='ltr'>rationibus</span> <span class='ocrx_word' id='word_1_183' title='bbox 958 1680 1122 1719; x_wconf 88' lang='lat' dir='ltr'>Demare</span> <span class='ocrx_word' id='word_1_184' title='bbox 1163 1680 1347 1718; x_wconf 88' lang='lat' dir='ltr'>archonte</span> <span class='ocrx_word' id='word_1_185' title='bbox 1383 1680 1539 1728; x_wconf 87' lang='lat' dir='ltr'>scriptis</span> <span class='ocrx_word' id='word_1_186' title='bbox 1576 1683 1793 1728; x_wconf 84' lang='lat' dir='ltr'>sequuntur</span> 
     </span>
     <span class='ocr_line' id='line_1_23' title="bbox 294 1742 1792 1791; baseline 0.001 -11"><span class='ocrx_word' id='word_1_187' title='bbox 294 1745 387 1781; x_wconf 86' lang='lat' dir='ltr'>satis</span> <span class='ocrx_word' id='word_1_188' title='bbox 417 1744 563 1790; x_wconf 76' lang='lat' dir='ltr'>mutila,</span> <span class='ocrx_word' id='word_1_189' title='bbox 594 1743 858 1782; x_wconf 85' lang='lat' dir='ltr'>additamenta</span> <span class='ocrx_word' id='word_1_190' title='bbox 887 1743 1065 1781; x_wconf 78' lang='lat' dir='ltr'>videntur</span> <span class='ocrx_word' id='word_1_191' title='bbox 1094 1755 1196 1790; x_wconf 86' lang='lat' dir='ltr'>esse,</span> <span class='ocrx_word' id='word_1_192' title='bbox 1226 1742 1364 1791; x_wconf 87' lang='lat' dir='ltr'>quibus</span> <span class='ocrx_word' id='word_1_193' title='bbox 1392 1742 1647 1791; x_wconf 83' lang='lat' dir='ltr'>suppleantur</span> <span class='ocrx_word' id='word_1_194' title='bbox 1675 1754 1792 1791; x_wconf 87' lang='lat' dir='ltr'>quae-</span> 
     </span>
     <span class='ocr_line' id='line_1_24' title="bbox 293 1803 1793 1855; baseline 0 -12"><span class='ocrx_word' id='word_1_195' title='bbox 293 1806 377 1844; x_wconf 88' lang='lat' dir='ltr'>dam</span> <span class='ocrx_word' id='word_1_196' title='bbox 424 1807 552 1844; x_wconf 78' lang='lat' dir='ltr'>nescio</span> <span class='ocrx_word' id='word_1_197' title='bbox 595 1818 670 1855; x_wconf 92' lang='lat' dir='ltr'>quo</span> <span class='ocrx_word' id='word_1_198' title='bbox 712 1818 803 1844; x_wconf 80' lang='lat' dir='ltr'>casu</span> <span class='ocrx_word' id='word_1_199' title='bbox 841 1818 908 1844; x_wconf 88' lang='lat' dir='ltr'>suo</span> <span class='ocrx_word' id='word_1_200' title='bbox 945 1806 1028 1844; x_wconf 90' lang='lat' dir='ltr'>loco</span> <span class='ocrx_word' id='word_1_201' title='bbox 1064 1805 1274 1851; x_wconf 82' lang='lat' dir='ltr'>omissa.¹⁵)</span> <span class='ocrx_word' id='word_1_202' title='bbox 1337 1803 1595 1851; x_wconf 84' lang='lat' dir='ltr'>Postrem0¹⁶)</span> <span class='ocrx_word' id='word_1_203' title='bbox 1630 1815 1793 1844; x_wconf 89' lang='lat' dir='ltr'>comme—</span> 
     </span>
     <span class='ocr_line' id='line_1_25' title="bbox 296 1867 1793 1915; baseline 0 -9"><span class='ocrx_word' id='word_1_204' title='bbox 296 1874 444 1907; x_wconf 87' lang='lat' dir='ltr'>morata</span> <span class='ocrx_word' id='word_1_205' title='bbox 481 1869 659 1906; x_wconf 78' lang='lat' dir='ltr'>videntur</span> <span class='ocrx_word' id='word_1_206' title='bbox 696 1869 808 1912; x_wconf 67' lang='lat' dir='ltr'>&lt;haec</span> <span class='ocrx_word' id='word_1_207' title='bbox 847 1873 904 1907; x_wconf 82' lang='lat' dir='ltr'>est</span> <span class='ocrx_word' id='word_1_208' title='bbox 932 1869 1112 1907; x_wconf 90' lang='lat' dir='ltr'>Homollii</span> <span class='ocrx_word' id='word_1_209' title='bbox 1147 1869 1354 1915; x_wconf 86' lang='lat' dir='ltr'>sententia)</span> <span class='ocrx_word' id='word_1_210' title='bbox 1383 1867 1598 1907; x_wconf 84' lang='lat' dir='ltr'>debitorum</span> <span class='ocrx_word' id='word_1_211' title='bbox 1627 1869 1793 1915; x_wconf 87' lang='lat' dir='ltr'>nomina,</span> 
     </span>
     <span class='ocr_line' id='line_1_26' title="bbox 299 1931 1794 1980; baseline 0.001 -11"><span class='ocrx_word' id='word_1_212' title='bbox 299 1933 362 1980; x_wconf 91' lang='lat' dir='ltr'>qui</span> <span class='ocrx_word' id='word_1_213' title='bbox 392 1943 457 1970; x_wconf 83' lang='lat' dir='ltr'>aes</span> <span class='ocrx_word' id='word_1_214' title='bbox 487 1932 651 1969; x_wconf 81' lang='lat' dir='ltr'>alienum</span> <span class='ocrx_word' id='word_1_215' title='bbox 681 1936 918 1970; x_wconf 86' lang='lat' dir='ltr'>contractum</span> <span class='ocrx_word' id='word_1_216' title='bbox 948 1943 1164 1980; x_wconf 86' lang='lat' dir='ltr'>usurasque</span> <span class='ocrx_word' id='word_1_217' title='bbox 1193 1936 1260 1970; x_wconf 87' lang='lat' dir='ltr'>aut</span> <span class='ocrx_word' id='word_1_218' title='bbox 1278 1932 1481 1980; x_wconf 81' lang='lat' dir='ltr'>vectigalia</span> <span class='ocrx_word' id='word_1_219' title='bbox 1504 1931 1794 1980; x_wconf 81' lang='lat' dir='ltr'>locationesque</span> 
     </span>
     <span class='ocr_line' id='line_1_27' title="bbox 300 1993 1794 2044; baseline 0.001 -13"><span class='ocrx_word' id='word_1_220' title='bbox 300 1994 371 2032; x_wconf 88' lang='lat' dir='ltr'>deo</span> <span class='ocrx_word' id='word_1_221' title='bbox 392 2006 466 2031; x_wconf 86' lang='lat' dir='ltr'>non</span> <span class='ocrx_word' id='word_1_222' title='bbox 488 1995 697 2042; x_wconf 79' lang='lat' dir='ltr'>solverunt,</span> <span class='ocrx_word' id='word_1_223' title='bbox 719 1995 851 2033; x_wconf 89' lang='lat' dir='ltr'>addita</span> <span class='ocrx_word' id='word_1_224' title='bbox 871 1996 1058 2043; x_wconf 89' lang='lat' dir='ltr'>pecuniae</span> <span class='ocrx_word' id='word_1_225' title='bbox 1087 2006 1233 2034; x_wconf 86' lang='lat' dir='ltr'>summa</span> <span class='ocrx_word' id='word_1_226' title='bbox 1260 2006 1336 2034; x_wconf 88' lang='lat' dir='ltr'>non</span> <span class='ocrx_word' id='word_1_227' title='bbox 1363 1993 1656 2044; x_wconf 79' lang='lat' dir='ltr'>perpensae:¹⁷)</span> <span class='ocrx_word' id='word_1_228' title='bbox 1685 1994 1794 2033; x_wconf 90' lang='lat' dir='ltr'>cuius</span> 
     </span>
     <span class='ocr_line' id='line_1_28' title="bbox 297 2057 1701 2106; baseline -0.001 -11"><span class='ocrx_word' id='word_1_229' title='bbox 297 2058 463 2106; x_wconf 84' lang='lat' dir='ltr'>catalogi</span> <span class='ocrx_word' id='word_1_230' title='bbox 491 2058 651 2095; x_wconf 88' lang='lat' dir='ltr'>alteram</span> <span class='ocrx_word' id='word_1_231' title='bbox 681 2062 830 2106; x_wconf 88' lang='lat' dir='ltr'>partem</span> <span class='ocrx_word' id='word_1_232' title='bbox 860 2059 898 2095; x_wconf 91' lang='lat' dir='ltr'>in</span> <span class='ocrx_word' id='word_1_233' title='bbox 928 2059 1127 2096; x_wconf 89' lang='lat' dir='ltr'>marmoris</span> <span class='ocrx_word' id='word_1_234' title='bbox 1156 2058 1277 2096; x_wconf 90' lang='lat' dir='ltr'>latere</span> <span class='ocrx_word' id='word_1_235' title='bbox 1306 2058 1478 2096; x_wconf 89' lang='lat' dir='ltr'>invenies</span> <span class='ocrx_word' id='word_1_236' title='bbox 1507 2057 1701 2106; x_wconf 75' lang='lat' dir='ltr'>scriptam.</span> 
     </span>
    </p>
   </div>
   <div class='ocr_carea' id='block_1_3' title="bbox 293 2174 1794 2794">
    <p class='ocr_par' dir='ltr' id='par_1_3' title="bbox 293 2174 1794 2794">
     <span class='ocr_line' id='line_1_29' title="bbox 384 2174 1793 2219; baseline -0.001 -8"><span class='ocrx_word' id='word_1_237' title='bbox 384 2179 413 2218; x_wconf 77' lang='grc'>9)</span> <span class='ocrx_word' id='word_1_238' title='bbox 441 2177 539 2212; x_wconf 92' lang='lat' dir='ltr'>Dem.</span> <span class='ocrx_word' id='word_1_239' title='bbox 567 2176 662 2211; x_wconf 88' lang='lat' dir='ltr'>arch.</span> <span class='ocrx_word' id='word_1_240' title='bbox 690 2181 756 2210; x_wconf 88' lang='lat' dir='ltr'>rat.</span> <span class='ocrx_word' id='word_1_241' title='bbox 784 2176 843 2211; x_wconf 94' lang='lat' dir='ltr'>lin.</span> <span class='ocrx_word' id='word_1_242' title='bbox 860 2178 1006 2212; x_wconf 81' lang='lat'>73—75.</span> <span class='ocrx_word' id='word_1_243' title='bbox 1127 2177 1171 2217; x_wconf 85' lang='lat'>¹⁰)</span> <span class='ocrx_word' id='word_1_244' title='bbox 1196 2176 1297 2211; x_wconf 88' lang='lat' dir='ltr'>Dem.</span> <span class='ocrx_word' id='word_1_245' title='bbox 1323 2175 1419 2211; x_wconf 85' lang='lat' dir='ltr'>arch.</span> <span class='ocrx_word' id='word_1_246' title='bbox 1445 2179 1511 2210; x_wconf 82' lang='lat' dir='ltr'>rat.</span> <span class='ocrx_word' id='word_1_247' title='bbox 1536 2174 1598 2210; x_wconf 89' lang='lat' dir='ltr'>lin.</span> <span class='ocrx_word' id='word_1_248' title='bbox 1617 2176 1793 2219; x_wconf 79' lang='lat'><strong>76—1403</strong></span> 
     </span>
     <span class='ocr_line' id='line_1_30' title="bbox 293 2231 1793 2280; baseline -0.001 -11"><span class='ocrx_word' id='word_1_249' title='bbox 293 2235 466 2280; x_wconf 79' lang='lat' dir='ltr'>pecuniae</span> <span class='ocrx_word' id='word_1_250' title='bbox 485 2245 505 2268; x_wconf 88' lang='lat' dir='ltr'>a</span> <span class='ocrx_word' id='word_1_251' title='bbox 523 2233 706 2278; x_wconf 76' lang='lat' dir='ltr'>superiore</span> <span class='ocrx_word' id='word_1_252' title='bbox 725 2233 876 2277; x_wconf 85' lang='lat' dir='ltr'>collegio</span> <span class='ocrx_word' id='word_1_253' title='bbox 894 2238 1081 2278; x_wconf 82' lang='lat' dir='ltr'>acceptae:</span> <span class='ocrx_word' id='word_1_254' title='bbox 1108 2233 1168 2268; x_wconf 89' lang='lat' dir='ltr'>lin.</span> <span class='ocrx_word' id='word_1_255' title='bbox 1186 2235 1337 2277; x_wconf 76' lang='lat'>75-993</span> <span class='ocrx_word' id='word_1_256' title='bbox 1364 2232 1431 2268; x_wconf 89' lang='lat' dir='ltr'>hoc</span> <span class='ocrx_word' id='word_1_257' title='bbox 1448 2232 1527 2277; x_wconf 81' lang='lat' dir='ltr'>ipso</span> <span class='ocrx_word' id='word_1_258' title='bbox 1545 2242 1638 2268; x_wconf 80' lang='lat' dir='ltr'>anno</span> <span class='ocrx_word' id='word_1_259' title='bbox 1655 2231 1793 2267; x_wconf 78' lang='lat' dir='ltr'>illatae:</span> 
     </span>
     <span class='ocr_line' id='line_1_31' title="bbox 293 2288 1794 2335; baseline -0.001 -9"><span class='ocrx_word' id='word_1_260' title='bbox 293 2293 352 2326; x_wconf 88' lang='lat' dir='ltr'>lin.</span> <span class='ocrx_word' id='word_1_261' title='bbox 370 2294 544 2330; x_wconf 74' lang='lat'>99—1222</span> <span class='ocrx_word' id='word_1_262' title='bbox 573 2296 821 2335; x_wconf 83' lang='lat' dir='ltr'>expromptae:</span> <span class='ocrx_word' id='word_1_263' title='bbox 849 2291 908 2325; x_wconf 91' lang='lat' dir='ltr'>lin.</span> <span class='ocrx_word' id='word_1_264' title='bbox 932 2293 1126 2333; x_wconf 76' lang='lat'><strong>122—1393</strong></span> <span class='ocrx_word' id='word_1_265' title='bbox 1152 2300 1290 2325; x_wconf 87' lang='lat' dir='ltr'>summa</span> <span class='ocrx_word' id='word_1_266' title='bbox 1315 2289 1521 2326; x_wconf 89' lang='lat' dir='ltr'>succedenti</span> <span class='ocrx_word' id='word_1_267' title='bbox 1546 2288 1697 2334; x_wconf 80' lang='lat' dir='ltr'>collegio</span> <span class='ocrx_word' id='word_1_268' title='bbox 1722 2294 1794 2324; x_wconf 79' lang='lat' dir='ltr'>tra-</span> 
     </span>
     <span class='ocr_line' id='line_1_32' title="bbox 293 2343 1794 2392; baseline -0.002 -9"><span class='ocrx_word' id='word_1_269' title='bbox 293 2349 383 2383; x_wconf 76' lang='lat' dir='ltr'>dita:</span> <span class='ocrx_word' id='word_1_270' title='bbox 411 2349 469 2383; x_wconf 92' lang='lat' dir='ltr'>lin.</span> <span class='ocrx_word' id='word_1_271' title='bbox 494 2351 555 2383; x_wconf 82' lang='lat'>139</span> <span class='ocrx_word' id='word_1_272' title='bbox 609 2351 681 2382; x_wconf 73' lang='lat'>140.</span> <span class='ocrx_word' id='word_1_273' title='bbox 824 2349 866 2392; x_wconf 87' lang='lat'>¹¹)</span> <span class='ocrx_word' id='word_1_274' title='bbox 894 2347 993 2382; x_wconf 90' lang='lat' dir='ltr'>Dem.</span> <span class='ocrx_word' id='word_1_275' title='bbox 1020 2347 1117 2382; x_wconf 84' lang='lat' dir='ltr'>arch.</span> <span class='ocrx_word' id='word_1_276' title='bbox 1144 2353 1210 2382; x_wconf 86' lang='lat' dir='ltr'>rat.</span> <span class='ocrx_word' id='word_1_277' title='bbox 1236 2347 1296 2382; x_wconf 90' lang='lat' dir='ltr'>lin.</span> <span class='ocrx_word' id='word_1_278' title='bbox 1320 2349 1506 2382; x_wconf 85' lang='lat'>140-180.</span> <span class='ocrx_word' id='word_1_279' title='bbox 1630 2345 1674 2392; x_wconf 73' lang='lat'>12)</span> <span class='ocrx_word' id='word_1_280' title='bbox 1701 2343 1794 2380; x_wconf 80' lang='grc' dir='ltr'><em>Τάδε</em></span> 
     </span>
     <span class='ocr_line' id='line_1_33' title="bbox 294 2401 1793 2451; baseline -0.002 -12"><span class='ocrx_word' id='word_1_281' title='bbox 294 2406 475 2451; x_wconf 68' lang='grc' dir='ltr'>ἀνήλωται</span> <span class='ocrx_word' id='word_1_282' title='bbox 502 2404 552 2444; x_wconf 76' lang='grc' dir='ltr'>εὶς</span> <span class='ocrx_word' id='word_1_283' title='bbox 577 2407 620 2439; x_wconf 86' lang='grc' dir='ltr'>τὰ</span> <span class='ocrx_word' id='word_1_284' title='bbox 646 2406 735 2439; x_wconf 77' lang='grc' dir='ltr'><strong><em>κατὰ</em></strong></span> <span class='ocrx_word' id='word_1_285' title='bbox 758 2408 869 2451; x_wconf 73' lang='grc' dir='ltr'>μῆναῑ</span> <span class='ocrx_word' id='word_1_286' title='bbox 897 2405 981 2440; x_wconf 89' lang='lat' dir='ltr'>ibid.</span> <span class='ocrx_word' id='word_1_287' title='bbox 1007 2405 1067 2440; x_wconf 87' lang='lat' dir='ltr'>lin.</span> <span class='ocrx_word' id='word_1_288' title='bbox 1091 2408 1277 2441; x_wconf 86' lang='lat'>180-195.</span> <span class='ocrx_word' id='word_1_289' title='bbox 1417 2404 1462 2447; x_wconf 65' lang='grc' dir='ltr'>ι3)</span> <span class='ocrx_word' id='word_1_290' title='bbox 1491 2401 1583 2438; x_wconf 78' lang='grc' dir='ltr'><em>Τάδε</em></span> <span class='ocrx_word' id='word_1_291' title='bbox 1609 2403 1793 2450; x_wconf 76' lang='grc' dir='ltr'>ἀνήλωται</span> 
     </span>
     <span class='ocr_line' id='line_1_34' title="bbox 293 2459 1793 2508; baseline 0 -13"><span class='ocrx_word' id='word_1_292' title='bbox 293 2464 382 2495; x_wconf 76' lang='grc' dir='ltr'><strong><em>κατὰ</em></strong></span> <span class='ocrx_word' id='word_1_293' title='bbox 400 2463 633 2508; x_wconf 71' lang='grc' dir='ltr'><strong><em>ψηφίσματαῑ</em></strong></span> <span class='ocrx_word' id='word_1_294' title='bbox 654 2462 738 2496; x_wconf 80' lang='lat' dir='ltr'>ibid.</span> <span class='ocrx_word' id='word_1_295' title='bbox 758 2462 816 2496; x_wconf 90' lang='lat' dir='ltr'>lin.</span> <span class='ocrx_word' id='word_1_296' title='bbox 836 2465 934 2497; x_wconf 85' lang='lat'>195—</span> <span class='ocrx_word' id='word_1_297' title='bbox 946 2465 1023 2498; x_wconf 79' lang='lat'>207.</span> <span class='ocrx_word' id='word_1_298' title='bbox 1120 2463 1164 2503; x_wconf 90' lang='lat'>¹⁴)</span> <span class='ocrx_word' id='word_1_299' title='bbox 1184 2461 1272 2496; x_wconf 85' lang='lat' dir='ltr'>lbid.</span> <span class='ocrx_word' id='word_1_300' title='bbox 1288 2461 1349 2496; x_wconf 87' lang='lat' dir='ltr'>lin.</span> <span class='ocrx_word' id='word_1_301' title='bbox 1364 2461 1558 2496; x_wconf 85' lang='lat'>207—219.</span> <span class='ocrx_word' id='word_1_302' title='bbox 1641 2460 1688 2503; x_wconf 71' lang='grc' dir='ltr'>ι5)</span> <span class='ocrx_word' id='word_1_303' title='bbox 1704 2459 1793 2495; x_wconf 86' lang='lat' dir='ltr'>Ibid.</span> 
     </span>
     <span class='ocr_line' id='line_1_35' title="bbox 294 2517 1794 2563; baseline -0.001 -10"><span class='ocrx_word' id='word_1_304' title='bbox 294 2519 354 2553; x_wconf 89' lang='lat' dir='ltr'>lin.</span> <span class='ocrx_word' id='word_1_305' title='bbox 374 2522 563 2554; x_wconf 82' lang='lat'>219-225.</span> <span class='ocrx_word' id='word_1_306' title='bbox 660 2520 704 2561; x_wconf 80' lang='lat'>¹⁶)</span> <span class='ocrx_word' id='word_1_307' title='bbox 730 2519 965 2563; x_wconf 86' lang='lat' dir='ltr'>Interpositae</span> <span class='ocrx_word' id='word_1_308' title='bbox 992 2525 1074 2554; x_wconf 88' lang='lat' dir='ltr'>sunt</span> <span class='ocrx_word' id='word_1_309' title='bbox 1099 2520 1255 2554; x_wconf 85' lang='lat' dir='ltr'>rationes</span> <span class='ocrx_word' id='word_1_310' title='bbox 1281 2517 1457 2563; x_wconf 82' lang='lat' dir='ltr'>quaedam</span> <span class='ocrx_word' id='word_1_311' title='bbox 1481 2517 1669 2562; x_wconf 79' lang='lat' dir='ltr'>lignorum,</span> <span class='ocrx_word' id='word_1_312' title='bbox 1692 2521 1794 2562; x_wconf 80' lang='lat' dir='ltr'>tegu-</span> 
     </span>
     <span class='ocr_line' id='line_1_36' title="bbox 294 2573 1793 2620; baseline -0.001 -10"><span class='ocrx_word' id='word_1_313' title='bbox 294 2576 407 2610; x_wconf 86' lang='lat' dir='ltr'>larum</span> <span class='ocrx_word' id='word_1_314' title='bbox 433 2576 655 2620; x_wconf 73' lang='lat' dir='ltr'>aliarumque</span> <span class='ocrx_word' id='word_1_315' title='bbox 682 2587 798 2610; x_wconf 89' lang='lat' dir='ltr'>rerum</span> <span class='ocrx_word' id='word_1_316' title='bbox 825 2575 869 2610; x_wconf 88' lang='lat' dir='ltr'>ad</span> <span class='ocrx_word' id='word_1_317' title='bbox 895 2575 1156 2610; x_wconf 82' lang='lat' dir='ltr'>aedificandum</span> <span class='ocrx_word' id='word_1_318' title='bbox 1179 2574 1474 2619; x_wconf 78' lang='lat' dir='ltr'>necessariarum,</span> <span class='ocrx_word' id='word_1_319' title='bbox 1499 2583 1591 2619; x_wconf 71' lang='lat' dir='ltr'>quae</span> <span class='ocrx_word' id='word_1_320' title='bbox 1609 2573 1728 2609; x_wconf 78' lang='lat' dir='ltr'>omnia</span> <span class='ocrx_word' id='word_1_321' title='bbox 1743 2574 1793 2609; x_wconf 79' lang='lat' dir='ltr'>vi-</span> 
     </span>
     <span class='ocr_line' id='line_1_37' title="bbox 294 2630 1793 2679; baseline -0.001 -11"><span class='ocrx_word' id='word_1_322' title='bbox 294 2634 424 2669; x_wconf 80' lang='lat' dir='ltr'>delicet</span> <span class='ocrx_word' id='word_1_323' title='bbox 449 2635 493 2669; x_wconf 83' lang='lat' dir='ltr'>ab</span> <span class='ocrx_word' id='word_1_324' title='bbox 519 2634 722 2679; x_wconf 85' lang='lat' dir='ltr'>hieropoeis</span> <span class='ocrx_word' id='word_1_325' title='bbox 749 2640 850 2669; x_wconf 88' lang='lat' dir='ltr'>erant</span> <span class='ocrx_word' id='word_1_326' title='bbox 871 2640 990 2678; x_wconf 85' lang='lat' dir='ltr'>empta</span> <span class='ocrx_word' id='word_1_327' title='bbox 1015 2640 1061 2678; x_wconf 85' lang='lat' dir='ltr'>et,</span> <span class='ocrx_word' id='word_1_328' title='bbox 1089 2639 1266 2678; x_wconf 87' lang='lat' dir='ltr'>quatenus</span> <span class='ocrx_word' id='word_1_329' title='bbox 1291 2643 1361 2668; x_wconf 92' lang='lat' dir='ltr'>non</span> <span class='ocrx_word' id='word_1_330' title='bbox 1387 2637 1491 2668; x_wconf 78' lang='lat' dir='ltr'>erant</span> <span class='ocrx_word' id='word_1_331' title='bbox 1506 2636 1718 2677; x_wconf 79' lang='lat' dir='ltr'>consumpta</span> <span class='ocrx_word' id='word_1_332' title='bbox 1748 2630 1793 2666; x_wconf 85' lang='lat' dir='ltr'>ad</span> 
     </span>
     <span class='ocr_line' id='line_1_38' title="bbox 295 2688 1794 2736; baseline -0.001 -11"><span class='ocrx_word' id='word_1_333' title='bbox 295 2702 405 2736; x_wconf 82' lang='lat' dir='ltr'>opera</span> <span class='ocrx_word' id='word_1_334' title='bbox 431 2693 529 2727; x_wconf 85' lang='lat' dir='ltr'>varia</span> <span class='ocrx_word' id='word_1_335' title='bbox 557 2692 732 2735; x_wconf 82' lang='lat' dir='ltr'>facienda,</span> <span class='ocrx_word' id='word_1_336' title='bbox 759 2692 993 2727; x_wconf 79' lang='lat' dir='ltr'>tradebantur</span> <span class='ocrx_word' id='word_1_337' title='bbox 1019 2692 1180 2736; x_wconf 76' lang='lat' dir='ltr'>sequenti</span> <span class='ocrx_word' id='word_1_338' title='bbox 1208 2691 1479 2736; x_wconf 78' lang='lat' dir='ltr'>magistratuum</span> <span class='ocrx_word' id='word_1_339' title='bbox 1503 2689 1671 2734; x_wconf 78' lang='lat' dir='ltr'>collegio:</span> <span class='ocrx_word' id='word_1_340' title='bbox 1708 2688 1794 2724; x_wconf 86' lang='lat' dir='ltr'>ibid.</span> 
     </span>
     <span class='ocr_line' id='line_1_39' title="bbox 295 2746 1543 2794; baseline 0 -11"><span class='ocrx_word' id='word_1_341' title='bbox 295 2749 355 2784; x_wconf 86' lang='lat' dir='ltr'>lin.</span> <span class='ocrx_word' id='word_1_342' title='bbox 374 2752 568 2786; x_wconf 84' lang='lat'>226—239.</span> <span class='ocrx_word' id='word_1_343' title='bbox 711 2750 754 2793; x_wconf 81' lang='lat'>¹⁷)</span> <span class='ocrx_word' id='word_1_344' title='bbox 781 2749 868 2784; x_wconf 87' lang='lat' dir='ltr'>lbid.</span> <span class='ocrx_word' id='word_1_345' title='bbox 895 2749 954 2784; x_wconf 88' lang='lat' dir='ltr'>lin.</span> <span class='ocrx_word' id='word_1_346' title='bbox 975 2752 1168 2794; x_wconf 79' lang='lat'>240—255‚</span> <span class='ocrx_word' id='word_1_347' title='bbox 1194 2747 1384 2784; x_wconf 86' lang='lat' dir='ltr'>admodum</span> <span class='ocrx_word' id='word_1_348' title='bbox 1407 2746 1543 2783; x_wconf 68' lang='lat' dir='ltr'>mutila</span> 
     </span>
    </p>
   </div>
  </div>
 </body>
</html>
