<?xml version="1.0" encoding="UTF-8"?>
<!DOCTYPE html PUBLIC "-//W3C//DTD XHTML 1.0 Transitional//EN"
    "http://www.w3.org/TR/xhtml1/DTD/xhtml1-transitional.dtd">
<html xmlns="http://www.w3.org/1999/xhtml" xml:lang="en" lang="en">
 <head>
  <title>
</title>
<meta http-equiv="Content-Type" content="text/html;charset=utf-8" />
  <meta name='ocr-system' content='tesseract 3.04.00' />
  <meta name='ocr-capabilities' content='ocr_page ocr_carea ocr_par ocr_line ocrx_word'/>
</head>
<body>
  <div class='ocr_page' id='page_1' title='image "./dedeliinsulaereb00scho_0057.png"; bbox 0 0 1979 3326; ppageno 0'>
   <div class='ocr_carea' id='block_1_1' title="bbox 745 290 1028 331">
    <p class='ocr_par' dir='ltr' id='par_1_1' title="bbox 745 290 1028 331">
     <span class='ocr_line' id='line_1_1' title="bbox 745 290 1028 331; baseline -0.004 -12"><span class='ocrx_word' id='word_1_1' title='bbox 745 290 1028 331; x_wconf 75' lang='lat'>-45-</span> 
     </span>
    </p>
   </div>
   <div class='ocr_carea' id='block_1_2' title="bbox 131 411 1647 653">
    <p class='ocr_par' dir='ltr' id='par_1_2' title="bbox 131 411 1647 653">
     <span class='ocr_line' id='line_1_2' title="bbox 132 411 1642 463; baseline -0.005 -9"><span class='ocrx_word' id='word_1_2' title='bbox 132 415 260 462; x_wconf 88' lang='lat' dir='ltr'>datas)</span> <span class='ocrx_word' id='word_1_3' title='bbox 289 427 309 453; x_wconf 90' lang='lat' dir='ltr'>e</span> <span class='ocrx_word' id='word_1_4' title='bbox 338 416 485 463; x_wconf 85' lang='lat' dir='ltr'>pauciS,</span> <span class='ocrx_word' id='word_1_5' title='bbox 514 426 612 463; x_wconf 88' lang='lat' dir='ltr'>quae</span> <span class='ocrx_word' id='word_1_6' title='bbox 640 417 910 452; x_wconf 88' lang='lat' dir='ltr'>remanserunt</span> <span class='ocrx_word' id='word_1_7' title='bbox 937 414 975 450; x_wconf 92' lang='lat' dir='ltr'>in</span> <span class='ocrx_word' id='word_1_8' title='bbox 1000 413 1104 450; x_wconf 88' lang='lat' dir='ltr'>linea</span> <span class='ocrx_word' id='word_1_9' title='bbox 1124 416 1171 449; x_wconf 86' lang='lat'>28</span> <span class='ocrx_word' id='word_1_10' title='bbox 1183 417 1212 458; x_wconf 54' lang='grc' dir='ltr'>ὃ,</span> <span class='ocrx_word' id='word_1_11' title='bbox 1241 412 1382 449; x_wconf 86' lang='lat' dir='ltr'>litteris</span> <span class='ocrx_word' id='word_1_12' title='bbox 1412 411 1507 448; x_wconf 91' lang='lat' dir='ltr'>satis</span> <span class='ocrx_word' id='word_1_13' title='bbox 1535 413 1642 447; x_wconf 89' lang='lat' dir='ltr'>certa</span> 
     </span>
     <span class='ocr_line' id='line_1_3' title="bbox 133 472 1645 524; baseline -0.005 -8"><span class='ocrx_word' id='word_1_14' title='bbox 133 481 334 517; x_wconf 86' lang='lat' dir='ltr'>assecutus</span> <span class='ocrx_word' id='word_1_15' title='bbox 363 482 422 516; x_wconf 87' lang='lat' dir='ltr'>est</span> <span class='ocrx_word' id='word_1_16' title='bbox 455 478 679 516; x_wconf 87' lang='lat' dir='ltr'>coniectura</span> <span class='ocrx_word' id='word_1_17' title='bbox 706 478 941 524; x_wconf 90' lang='lat' dir='ltr'>Homollius‚</span> <span class='ocrx_word' id='word_1_18' title='bbox 977 476 1120 514; x_wconf 86' lang='lat' dir='ltr'>collata</span> <span class='ocrx_word' id='word_1_19' title='bbox 1149 476 1310 512; x_wconf 88' lang='lat' dir='ltr'>aliorum</span> <span class='ocrx_word' id='word_1_20' title='bbox 1340 474 1538 511; x_wconf 87' lang='lat' dir='ltr'>titulorum</span> <span class='ocrx_word' id='word_1_21' title='bbox 1569 472 1645 509; x_wconf 87' lang='lat' dir='ltr'>dis-</span> 
     </span>
     <span class='ocr_line' id='line_1_4' title="bbox 133 537 1647 590; baseline -0.005 -10"><span class='ocrx_word' id='word_1_22' title='bbox 133 543 343 590; x_wconf 84' lang='lat' dir='ltr'>positione:</span> <span class='ocrx_word' id='word_1_23' title='bbox 389 540 462 578; x_wconf 82' lang='grc' dir='ltr'>ἀπὸ</span> <span class='ocrx_word' id='word_1_24' title='bbox 504 539 659 584; x_wconf 81' lang='grc' dir='ltr'><strong><em>τοὺ[του</em></strong></span> <span class='ocrx_word' id='word_1_25' title='bbox 696 538 876 590; x_wconf 72' lang='grc' dir='ltr'><em>ἀνηλώθη</em></span> <span class='ocrx_word' id='word_1_26' title='bbox 912 537 1032 588; x_wconf 59' lang='grc' dir='ltr'>τάδε]</span> <span class='ocrx_word' id='word_1_27' title='bbox 1087 539 1132 575; x_wconf 94' lang='lat' dir='ltr'>In</span> <span class='ocrx_word' id='word_1_28' title='bbox 1168 550 1212 576; x_wconf 93' lang='lat' dir='ltr'>eo</span> <span class='ocrx_word' id='word_1_29' title='bbox 1247 539 1329 575; x_wconf 90' lang='lat' dir='ltr'>viro</span> <span class='ocrx_word' id='word_1_30' title='bbox 1367 537 1479 574; x_wconf 89' lang='lat' dir='ltr'>docto</span> <span class='ocrx_word' id='word_1_31' title='bbox 1516 547 1647 574; x_wconf 88' lang='lat' dir='ltr'>assen-</span> 
     </span>
     <span class='ocr_line' id='line_1_5' title="bbox 131 597 1645 653; baseline -0.006 -10"><span class='ocrx_word' id='word_1_32' title='bbox 131 606 197 643; x_wconf 85' lang='lat' dir='ltr'><strong>tiri</strong></span> <span class='ocrx_word' id='word_1_33' title='bbox 239 617 315 643; x_wconf 93' lang='lat' dir='ltr'>non</span> <span class='ocrx_word' id='word_1_34' title='bbox 355 616 532 653; x_wconf 91' lang='lat' dir='ltr'>possum,</span> <span class='ocrx_word' id='word_1_35' title='bbox 575 604 678 652; x_wconf 89' lang='lat' dir='ltr'>quod</span> <span class='ocrx_word' id='word_1_36' title='bbox 719 605 758 640; x_wconf 93' lang='lat' dir='ltr'>in</span> <span class='ocrx_word' id='word_1_37' title='bbox 799 604 942 640; x_wconf 84' lang='lat' dir='ltr'>ultimis</span> <span class='ocrx_word' id='word_1_38' title='bbox 986 604 1197 648; x_wconf 75' lang='lat'>(46—47)</span> <span class='ocrx_word' id='word_1_39' title='bbox 1242 601 1352 638; x_wconf 90' lang='lat' dir='ltr'>lineis</span> <span class='ocrx_word' id='word_1_40' title='bbox 1395 597 1645 636; x_wconf 81' lang='lat' dir='ltr'>restituendis</span> 
     </span>
    </p>
   </div>
   <div class='ocr_carea' id='block_1_3' title="bbox 137 665 1646 723">
    <p class='ocr_par' dir='ltr' id='par_1_3' title="bbox 137 665 1646 723">
     <span class='ocr_line' id='line_1_6' title="bbox 137 665 1646 723; baseline -0.006 -12"><span class='ocrx_word' id='word_1_41' title='bbox 137 675 310 722; x_wconf 81' lang='lat' dir='ltr'><strong>scripsit:</strong></span> <span class='ocrx_word' id='word_1_42' title='bbox 341 672 542 723; x_wconf 72' lang='grc' dir='ltr'><strong><em>[περίεστι-</em></strong></span> <span class='ocrx_word' id='word_1_43' title='bbox 566 666 657 723; x_wconf 69' lang='grc' dir='ltr'>ᾼῬ]</span> <span class='ocrx_word' id='word_1_44' title='bbox 679 665 1203 711; x_wconf 57' lang='grc' dir='ltr'>ΤΤΙῖΊΓνΙΗΔΔΔΠΙ-ΙΙΙ</span> <span class='ocrx_word' id='word_1_45' title='bbox 1237 672 1295 716; x_wconf 65' lang='lat'>(2-</span> <span class='ocrx_word' id='word_1_46' title='bbox 1321 674 1341 706; x_wconf 88' lang='lat'>2</span> <span class='ocrx_word' id='word_1_47' title='bbox 1364 669 1429 706; x_wconf 84' lang='lat' dir='ltr'>tal.</span> <span class='ocrx_word' id='word_1_48' title='bbox 1466 673 1563 706; x_wconf 86' lang='lat'>5636</span> <span class='ocrx_word' id='word_1_49' title='bbox 1589 667 1646 704; x_wconf 85' lang='lat' dir='ltr'>dr.</span> 
     </span>
    </p>
   </div>
   <div class='ocr_carea' id='block_1_4' title="bbox 133 733 1649 1860">
    <p class='ocr_par' dir='ltr' id='par_1_4' title="bbox 133 733 1649 1860">
     <span class='ocr_line' id='line_1_7' title="bbox 142 733 1647 790; baseline -0.006 -9"><span class='ocrx_word' id='word_1_50' title='bbox 142 749 164 780; x_wconf 83' lang='lat'><strong>3</strong></span> <span class='ocrx_word' id='word_1_51' title='bbox 187 742 304 787; x_wconf 90' lang='lat' dir='ltr'>obol.)</span> <span class='ocrx_word' id='word_1_52' title='bbox 333 768 536 778; x_wconf 92' lang='grc'><strong>......</strong></span> <span class='ocrx_word' id='word_1_53' title='bbox 566 739 796 790; x_wconf 76' lang='grc' dir='ltr'><strong><em>κεφάλαι]ον</em></strong></span> <span class='ocrx_word' id='word_1_54' title='bbox 823 738 970 777; x_wconf 81' lang='grc' dir='ltr'><em>καινόν·</em></span> <span class='ocrx_word' id='word_1_55' title='bbox 999 733 1212 786; x_wconf 57' lang='grc' dir='ltr'>ΤΙῖΙΓᾹΔ,</span> <span class='ocrx_word' id='word_1_56' title='bbox 1242 761 1291 766; x_wconf 86' lang='lat'>-—</span> <span class='ocrx_word' id='word_1_57' title='bbox 1319 749 1394 776; x_wconf 92' lang='lat' dir='ltr'>non</span> <span class='ocrx_word' id='word_1_58' title='bbox 1424 738 1519 775; x_wconf 85' lang='lat' dir='ltr'>satis</span> <span class='ocrx_word' id='word_1_59' title='bbox 1548 737 1647 774; x_wconf 87' lang='lat' dir='ltr'>enim</span> 
     </span>
     <span class='ocr_line' id='line_1_8' title="bbox 139 800 1647 853; baseline -0.004 -10"><span class='ocrx_word' id='word_1_60' title='bbox 139 806 279 853; x_wconf 88' lang='lat' dir='ltr'>liquet,</span> <span class='ocrx_word' id='word_1_61' title='bbox 323 804 416 853; x_wconf 87' lang='lat' dir='ltr'>quid</span> <span class='ocrx_word' id='word_1_62' title='bbox 451 804 525 842; x_wconf 88' lang='lat' dir='ltr'>sibi</span> <span class='ocrx_word' id='word_1_63' title='bbox 562 804 654 841; x_wconf 90' lang='lat' dir='ltr'>velit</span> <span class='ocrx_word' id='word_1_64' title='bbox 695 802 903 853; x_wconf 78' lang='grc' dir='ltr'><em>κεφάλαιον</em></span> <span class='ocrx_word' id='word_1_65' title='bbox 945 801 1092 849; x_wconf 77' lang='grc' dir='ltr'><em>καινόν,</em></span> <span class='ocrx_word' id='word_1_66' title='bbox 1135 813 1249 849; x_wconf 90' lang='lat' dir='ltr'>quum</span> <span class='ocrx_word' id='word_1_67' title='bbox 1291 803 1365 839; x_wconf 85' lang='lat' dir='ltr'>iam</span> <span class='ocrx_word' id='word_1_68' title='bbox 1408 800 1647 848; x_wconf 79' lang='lat' dir='ltr'>perscriptae</span> 
     </span>
     <span class='ocr_line' id='line_1_9' title="bbox 137 863 1647 916; baseline -0.004 -10"><span class='ocrx_word' id='word_1_69' title='bbox 137 869 215 906; x_wconf 90' lang='lat' dir='ltr'>sint</span> <span class='ocrx_word' id='word_1_70' title='bbox 240 869 428 916; x_wconf 90' lang='lat' dir='ltr'>pecuniae</span> <span class='ocrx_word' id='word_1_71' title='bbox 457 869 497 905; x_wconf 92' lang='lat' dir='ltr'>in</span> <span class='ocrx_word' id='word_1_72' title='bbox 526 868 678 905; x_wconf 85' lang='lat' dir='ltr'>aerario</span> <span class='ocrx_word' id='word_1_73' title='bbox 706 870 911 904; x_wconf 85' lang='lat' dir='ltr'>restantes.</span> <span class='ocrx_word' id='word_1_74' title='bbox 967 866 1225 904; x_wconf 88' lang='lat' dir='ltr'>Verisimilius</span> <span class='ocrx_word' id='word_1_75' title='bbox 1263 865 1353 902; x_wconf 87' lang='lat' dir='ltr'>mihi</span> <span class='ocrx_word' id='word_1_76' title='bbox 1381 863 1535 901; x_wconf 90' lang='lat' dir='ltr'>videtur</span> <span class='ocrx_word' id='word_1_77' title='bbox 1563 874 1647 901; x_wconf 89' lang='lat' dir='ltr'>esse</span> 
     </span>
     <span class='ocr_line' id='line_1_10' title="bbox 133 927 1647 979; baseline -0.003 -11"><span class='ocrx_word' id='word_1_78' title='bbox 133 931 233 970; x_wconf 88' lang='lat' dir='ltr'>hanc</span> <span class='ocrx_word' id='word_1_79' title='bbox 267 932 538 979; x_wconf 76' lang='lat' dir='ltr'>pecuniarum,</span> <span class='ocrx_word' id='word_1_80' title='bbox 581 942 679 978; x_wconf 90' lang='lat' dir='ltr'>quae</span> <span class='ocrx_word' id='word_1_81' title='bbox 714 930 888 977; x_wconf 85' lang='lat' dir='ltr'>reliquae</span> <span class='ocrx_word' id='word_1_82' title='bbox 926 928 1087 976; x_wconf 85' lang='lat' dir='ltr'>fuerint,</span> <span class='ocrx_word' id='word_1_83' title='bbox 1129 939 1334 974; x_wconf 86' lang='lat' dir='ltr'>summam,</span> <span class='ocrx_word' id='word_1_84' title='bbox 1376 927 1480 965; x_wconf 85' lang='lat' dir='ltr'>illam</span> <span class='ocrx_word' id='word_1_85' title='bbox 1520 930 1647 964; x_wconf 86' lang='lat' dir='ltr'>autem</span> 
     </span>
     <span class='ocr_line' id='line_1_11' title="bbox 133 991 1647 1042; baseline -0.004 -10"><span class='ocrx_word' id='word_1_86' title='bbox 133 995 299 1042; x_wconf 89' lang='lat' dir='ltr'>priorem</span> <span class='ocrx_word' id='word_1_87' title='bbox 330 1016 379 1021; x_wconf 88' lang='lat'>——</span> <span class='ocrx_word' id='word_1_88' title='bbox 408 1005 552 1041; x_wconf 85' lang='lat' dir='ltr'>earum,</span> <span class='ocrx_word' id='word_1_89' title='bbox 582 1006 680 1042; x_wconf 89' lang='lat' dir='ltr'>quae</span> <span class='ocrx_word' id='word_1_90' title='bbox 709 994 770 1030; x_wconf 92' lang='lat' dir='ltr'>vel</span> <span class='ocrx_word' id='word_1_91' title='bbox 797 1004 989 1040; x_wconf 84' lang='lat' dir='ltr'>expensae</span> <span class='ocrx_word' id='word_1_92' title='bbox 1009 993 1070 1030; x_wconf 86' lang='lat' dir='ltr'>vel</span> <span class='ocrx_word' id='word_1_93' title='bbox 1089 996 1244 1029; x_wconf 89' lang='lat' dir='ltr'>mutuae</span> <span class='ocrx_word' id='word_1_94' title='bbox 1265 991 1379 1029; x_wconf 87' lang='lat' dir='ltr'>datae</span> <span class='ocrx_word' id='word_1_95' title='bbox 1399 991 1492 1036; x_wconf 68' lang='lat' dir='ltr'>sint,</span> <span class='ocrx_word' id='word_1_96' title='bbox 1522 1001 1647 1037; x_wconf 88' lang='lat' dir='ltr'>neque</span> 
     </span>
     <span class='ocr_line' id='line_1_12' title="bbox 135 1053 1648 1104; baseline -0.003 -11"><span class='ocrx_word' id='word_1_97' title='bbox 135 1057 265 1095; x_wconf 87' lang='lat' dir='ltr'>mirari</span> <span class='ocrx_word' id='word_1_98' title='bbox 293 1068 518 1104; x_wconf 87' lang='lat' dir='ltr'>possumus,</span> <span class='ocrx_word' id='word_1_99' title='bbox 559 1056 662 1104; x_wconf 88' lang='lat' dir='ltr'>quod</span> <span class='ocrx_word' id='word_1_100' title='bbox 703 1061 833 1094; x_wconf 87' lang='lat'>11540</span> <span class='ocrx_word' id='word_1_101' title='bbox 859 1056 915 1093; x_wconf 89' lang='lat' dir='ltr'>dr.</span> <span class='ocrx_word' id='word_1_102' title='bbox 951 1059 1101 1093; x_wconf 86' lang='lat' dir='ltr'>tantum</span> <span class='ocrx_word' id='word_1_103' title='bbox 1136 1055 1176 1091; x_wconf 93' lang='lat' dir='ltr'>in</span> <span class='ocrx_word' id='word_1_104' title='bbox 1213 1055 1364 1092; x_wconf 88' lang='lat' dir='ltr'>aerario</span> <span class='ocrx_word' id='word_1_105' title='bbox 1406 1053 1648 1100; x_wconf 89' lang='lat' dir='ltr'>reliquerunt</span> 
     </span>
     <span class='ocr_line' id='line_1_13' title="bbox 134 1115 1647 1165; baseline -0.004 -7"><span class='ocrx_word' id='word_1_106' title='bbox 134 1119 480 1163; x_wconf 85' lang='lat' dir='ltr'>administratores,</span> <span class='ocrx_word' id='word_1_107' title='bbox 512 1120 545 1157; x_wconf 91' lang='lat' dir='ltr'>si</span> <span class='ocrx_word' id='word_1_108' title='bbox 572 1120 743 1157; x_wconf 87' lang='lat' dir='ltr'>rationes</span> <span class='ocrx_word' id='word_1_109' title='bbox 773 1117 1004 1156; x_wconf 87' lang='lat' dir='ltr'>conferimus</span> <span class='ocrx_word' id='word_1_110' title='bbox 1032 1118 1271 1165; x_wconf 87' lang='lat' dir='ltr'>perscriptas</span> <span class='ocrx_word' id='word_1_111' title='bbox 1300 1118 1338 1154; x_wconf 91' lang='lat' dir='ltr'>in</span> <span class='ocrx_word' id='word_1_112' title='bbox 1367 1116 1496 1164; x_wconf 85' lang='lat' dir='ltr'>lapide</span> <span class='ocrx_word' id='word_1_113' title='bbox 1525 1115 1647 1153; x_wconf 86' lang='lat' dir='ltr'>Sand-</span> 
     </span>
     <span class='ocr_line' id='line_1_14' title="bbox 137 1179 1647 1230; baseline -0.003 -10"><span class='ocrx_word' id='word_1_114' title='bbox 137 1183 310 1230; x_wconf 91' lang='lat' dir='ltr'>wicensi,</span> <span class='ocrx_word' id='word_1_115' title='bbox 346 1182 413 1220; x_wconf 94' lang='lat' dir='ltr'>ubi</span> <span class='ocrx_word' id='word_1_116' title='bbox 441 1182 752 1230; x_wconf 87' lang='lat' dir='ltr'>Hippodamante</span> <span class='ocrx_word' id='word_1_117' title='bbox 789 1181 975 1219; x_wconf 79' lang='lat' dir='ltr'>archonte</span> <span class='ocrx_word' id='word_1_118' title='bbox 1011 1184 1110 1218; x_wconf 86' lang='lat'>9979</span> <span class='ocrx_word' id='word_1_119' title='bbox 1138 1184 1289 1218; x_wconf 88' lang='lat' dir='ltr'>tantum</span> <span class='ocrx_word' id='word_1_120' title='bbox 1318 1180 1542 1225; x_wconf 80' lang='lat' dir='ltr'>drachmas,</span> <span class='ocrx_word' id='word_1_121' title='bbox 1580 1179 1647 1217; x_wconf 89' lang='lat' dir='ltr'>So-</span> 
     </span>
     <span class='ocr_line' id='line_1_15' title="bbox 135 1243 1646 1293; baseline -0.003 -9"><span class='ocrx_word' id='word_1_122' title='bbox 135 1246 283 1284; x_wconf 87' lang='lat' dir='ltr'>cratide</span> <span class='ocrx_word' id='word_1_123' title='bbox 311 1257 388 1284; x_wconf 88' lang='lat' dir='ltr'>non</span> <span class='ocrx_word' id='word_1_124' title='bbox 416 1246 534 1283; x_wconf 91' lang='lat' dir='ltr'>multo</span> <span class='ocrx_word' id='word_1_125' title='bbox 556 1246 720 1293; x_wconf 90' lang='lat' dir='ltr'>amplius</span> <span class='ocrx_word' id='word_1_126' title='bbox 742 1244 978 1292; x_wconf 89' lang='lat' dir='ltr'>superfuisse</span> <span class='ocrx_word' id='word_1_127' title='bbox 998 1243 1202 1291; x_wconf 84' lang='lat' dir='ltr'>legitur,⁵¹)</span> <span class='ocrx_word' id='word_1_128' title='bbox 1232 1244 1293 1281; x_wconf 89' lang='lat' dir='ltr'>vel</span> <span class='ocrx_word' id='word_1_129' title='bbox 1313 1255 1391 1290; x_wconf 89' lang='lat' dir='ltr'>eas,</span> <span class='ocrx_word' id='word_1_130' title='bbox 1413 1255 1509 1291; x_wconf 87' lang='lat' dir='ltr'>quas</span> <span class='ocrx_word' id='word_1_131' title='bbox 1529 1244 1646 1290; x_wconf 84' lang='lat' dir='ltr'>magi-</span> 
     </span>
     <span class='ocr_line' id='line_1_16' title="bbox 135 1306 1649 1354; baseline -0.004 -6"><span class='ocrx_word' id='word_1_132' title='bbox 135 1313 280 1348; x_wconf 86' lang='lat' dir='ltr'>stratus</span> <span class='ocrx_word' id='word_1_133' title='bbox 315 1309 568 1347; x_wconf 81' lang='lat' dir='ltr'>reddiderunt</span> <span class='ocrx_word' id='word_1_134' title='bbox 596 1308 752 1347; x_wconf 86' lang='lat' dir='ltr'>Cratete</span> <span class='ocrx_word' id='word_1_135' title='bbox 791 1308 993 1354; x_wconf 81' lang='lat' dir='ltr'>archonte,</span> <span class='ocrx_word' id='word_1_136' title='bbox 1029 1307 1097 1344; x_wconf 90' lang='lat' dir='ltr'>ubi</span> <span class='ocrx_word' id='word_1_137' title='bbox 1125 1319 1201 1345; x_wconf 92' lang='lat' dir='ltr'>non</span> <span class='ocrx_word' id='word_1_138' title='bbox 1229 1307 1316 1354; x_wconf 92' lang='lat' dir='ltr'>plus</span> <span class='ocrx_word' id='word_1_139' title='bbox 1350 1310 1445 1344; x_wconf 87' lang='lat'>1390</span> <span class='ocrx_word' id='word_1_140' title='bbox 1475 1306 1531 1343; x_wconf 92' lang='lat' dir='ltr'>dr.</span> <span class='ocrx_word' id='word_1_141' title='bbox 1560 1306 1649 1343; x_wconf 88' lang='lat' dir='ltr'>reli-</span> 
     </span>
     <span class='ocr_line' id='line_1_17' title="bbox 135 1370 1647 1422; baseline -0.003 -11"><span class='ocrx_word' id='word_1_142' title='bbox 135 1385 231 1422; x_wconf 88' lang='lat' dir='ltr'>quas</span> <span class='ocrx_word' id='word_1_143' title='bbox 260 1372 379 1411; x_wconf 89' lang='lat' dir='ltr'>fuisse</span> <span class='ocrx_word' id='word_1_144' title='bbox 407 1370 660 1417; x_wconf 78' lang='lat' dir='ltr'>narratur.⁵2)</span> <span class='ocrx_word' id='word_1_145' title='bbox 717 1372 824 1418; x_wconf 80' lang='lat' dir='ltr'>Quae</span> <span class='ocrx_word' id='word_1_146' title='bbox 854 1371 886 1409; x_wconf 90' lang='lat' dir='ltr'>si</span> <span class='ocrx_word' id='word_1_147' title='bbox 914 1374 1018 1409; x_wconf 89' lang='lat' dir='ltr'>recte</span> <span class='ocrx_word' id='word_1_148' title='bbox 1048 1382 1089 1408; x_wconf 94' lang='lat' dir='ltr'>se</span> <span class='ocrx_word' id='word_1_149' title='bbox 1118 1370 1273 1416; x_wconf 83' lang='lat' dir='ltr'>habent,</span> <span class='ocrx_word' id='word_1_150' title='bbox 1313 1371 1504 1408; x_wconf 83' lang='lat' dir='ltr'>rationum</span> <span class='ocrx_word' id='word_1_151' title='bbox 1534 1370 1647 1407; x_wconf 91' lang='lat' dir='ltr'>huius</span> 
     </span>
     <span class='ocr_line' id='line_1_18' title="bbox 134 1433 1648 1481; baseline -0.003 -7"><span class='ocrx_word' id='word_1_152' title='bbox 134 1437 225 1475; x_wconf 89' lang='lat' dir='ltr'>anni</span> <span class='ocrx_word' id='word_1_153' title='bbox 254 1447 402 1474; x_wconf 87' lang='lat' dir='ltr'>summa</span> <span class='ocrx_word' id='word_1_154' title='bbox 429 1435 478 1473; x_wconf 88' lang='lat' dir='ltr'>ad</span> <span class='ocrx_word' id='word_1_155' title='bbox 506 1434 726 1473; x_wconf 87' lang='lat' dir='ltr'>drachmam</span> <span class='ocrx_word' id='word_1_156' title='bbox 756 1433 836 1472; x_wconf 87' lang='lat' dir='ltr'>fere</span> <span class='ocrx_word' id='word_1_157' title='bbox 859 1434 1013 1471; x_wconf 89' lang='lat' dir='ltr'>restitui</span> <span class='ocrx_word' id='word_1_158' title='bbox 1032 1437 1174 1481; x_wconf 88' lang='lat' dir='ltr'>potest.</span> <span class='ocrx_word' id='word_1_159' title='bbox 1224 1433 1347 1480; x_wconf 80' lang='lat' dir='ltr'>Quum</span> <span class='ocrx_word' id='word_1_160' title='bbox 1369 1433 1467 1470; x_wconf 89' lang='lat' dir='ltr'>enim</span> <span class='ocrx_word' id='word_1_161' title='bbox 1489 1443 1648 1469; x_wconf 87' lang='lat' dir='ltr'>necesse</span> 
     </span>
     <span class='ocr_line' id='line_1_19' title="bbox 135 1496 1649 1548; baseline -0.003 -11"><span class='ocrx_word' id='word_1_162' title='bbox 135 1500 196 1547; x_wconf 88' lang='lat' dir='ltr'>sit,</span> <span class='ocrx_word' id='word_1_163' title='bbox 224 1500 409 1548; x_wconf 86' lang='lat' dir='ltr'>pecunias</span> <span class='ocrx_word' id='word_1_164' title='bbox 439 1510 629 1546; x_wconf 85' lang='lat' dir='ltr'>expensas</span> <span class='ocrx_word' id='word_1_165' title='bbox 663 1498 710 1535; x_wconf 92' lang='lat' dir='ltr'>iis</span> <span class='ocrx_word' id='word_1_166' title='bbox 740 1497 905 1545; x_wconf 88' lang='lat' dir='ltr'>additas,</span> <span class='ocrx_word' id='word_1_167' title='bbox 941 1508 1039 1545; x_wconf 89' lang='lat' dir='ltr'>quae</span> <span class='ocrx_word' id='word_1_168' title='bbox 1075 1509 1175 1535; x_wconf 91' lang='lat' dir='ltr'>anno</span> <span class='ocrx_word' id='word_1_169' title='bbox 1204 1496 1312 1535; x_wconf 88' lang='lat' dir='ltr'>finito</span> <span class='ocrx_word' id='word_1_170' title='bbox 1340 1498 1380 1534; x_wconf 91' lang='lat' dir='ltr'>in</span> <span class='ocrx_word' id='word_1_171' title='bbox 1409 1497 1560 1535; x_wconf 84' lang='lat' dir='ltr'>aerario</span> <span class='ocrx_word' id='word_1_172' title='bbox 1590 1508 1649 1534; x_wconf 90' lang='lat' dir='ltr'>re-</span> 
     </span>
     <span class='ocr_line' id='line_1_20' title="bbox 135 1560 1649 1610; baseline -0.003 -10"><span class='ocrx_word' id='word_1_173' title='bbox 135 1566 370 1610; x_wconf 88' lang='lat' dir='ltr'>manserunt,</span> <span class='ocrx_word' id='word_1_174' title='bbox 399 1565 519 1600; x_wconf 87' lang='lat' dir='ltr'>totam</span> <span class='ocrx_word' id='word_1_175' title='bbox 547 1560 736 1600; x_wconf 87' lang='lat' dir='ltr'>conficere</span> <span class='ocrx_word' id='word_1_176' title='bbox 765 1573 961 1606; x_wconf 87' lang='lat' dir='ltr'>summam,</span> <span class='ocrx_word' id='word_1_177' title='bbox 992 1573 1091 1609; x_wconf 89' lang='lat' dir='ltr'>quae</span> <span class='ocrx_word' id='word_1_178' title='bbox 1120 1562 1159 1598; x_wconf 92' lang='lat' dir='ltr'>in</span> <span class='ocrx_word' id='word_1_179' title='bbox 1186 1561 1363 1598; x_wconf 88' lang='lat' dir='ltr'>manibus</span> <span class='ocrx_word' id='word_1_180' title='bbox 1385 1561 1538 1598; x_wconf 89' lang='lat' dir='ltr'>omnino</span> <span class='ocrx_word' id='word_1_181' title='bbox 1559 1560 1649 1596; x_wconf 92' lang='lat' dir='ltr'>Am-</span> 
     </span>
     <span class='ocr_line' id='line_1_21' title="bbox 135 1624 1646 1673; baseline -0.002 -11"><span class='ocrx_word' id='word_1_182' title='bbox 135 1625 383 1673; x_wconf 89' lang='lat' dir='ltr'>phictyonum</span> <span class='ocrx_word' id='word_1_183' title='bbox 420 1624 549 1672; x_wconf 86' lang='lat' dir='ltr'>fuerit,</span> <span class='ocrx_word' id='word_1_184' title='bbox 584 1628 699 1672; x_wconf 88' lang='lat' dir='ltr'>atque</span> <span class='ocrx_word' id='word_1_185' title='bbox 728 1624 824 1662; x_wconf 90' lang='lat' dir='ltr'>haec</span> <span class='ocrx_word' id='word_1_186' title='bbox 853 1635 977 1671; x_wconf 82' lang='lat' dir='ltr'>neque</span> <span class='ocrx_word' id='word_1_187' title='bbox 1014 1624 1138 1661; x_wconf 86' lang='lat' dir='ltr'>minor</span> <span class='ocrx_word' id='word_1_188' title='bbox 1166 1624 1301 1671; x_wconf 85' lang='lat' dir='ltr'>viginti</span> <span class='ocrx_word' id='word_1_189' title='bbox 1339 1627 1376 1660; x_wconf 90' lang='lat' dir='ltr'>et</span> <span class='ocrx_word' id='word_1_190' title='bbox 1410 1634 1487 1660; x_wconf 91' lang='lat' dir='ltr'>uno</span> <span class='ocrx_word' id='word_1_191' title='bbox 1522 1633 1646 1669; x_wconf 88' lang='lat' dir='ltr'>neque</span> 
     </span>
     <span class='ocr_line' id='line_1_22' title="bbox 137 1686 1649 1737; baseline -0.002 -12"><span class='ocrx_word' id='word_1_192' title='bbox 137 1689 260 1727; x_wconf 88' lang='lat' dir='ltr'>maior</span> <span class='ocrx_word' id='word_1_193' title='bbox 278 1689 412 1737; x_wconf 86' lang='lat' dir='ltr'>viginti</span> <span class='ocrx_word' id='word_1_194' title='bbox 437 1692 475 1726; x_wconf 90' lang='lat' dir='ltr'>et</span> <span class='ocrx_word' id='word_1_195' title='bbox 495 1689 664 1736; x_wconf 90' lang='lat' dir='ltr'>quinque</span> <span class='ocrx_word' id='word_1_196' title='bbox 684 1688 841 1725; x_wconf 90' lang='lat' dir='ltr'>talentis</span> <span class='ocrx_word' id='word_1_197' title='bbox 863 1698 947 1725; x_wconf 92' lang='lat' dir='ltr'>esse</span> <span class='ocrx_word' id='word_1_198' title='bbox 969 1686 1121 1733; x_wconf 87' lang='lat' dir='ltr'>debeat,</span> <span class='ocrx_word' id='word_1_199' title='bbox 1149 1690 1295 1724; x_wconf 87' lang='lat' dir='ltr'>certum</span> <span class='ocrx_word' id='word_1_200' title='bbox 1317 1690 1376 1723; x_wconf 90' lang='lat' dir='ltr'>est</span> <span class='ocrx_word' id='word_1_201' title='bbox 1394 1687 1433 1723; x_wconf 87' lang='lat' dir='ltr'>in</span> <span class='ocrx_word' id='word_1_202' title='bbox 1453 1686 1555 1723; x_wconf 89' lang='lat' dir='ltr'>linea</span> <span class='ocrx_word' id='word_1_203' title='bbox 1575 1689 1649 1722; x_wconf 66' lang='grc' dir='ltr'>46ξι</span> 
     </span>
     <span class='ocr_line' id='line_1_23' title="bbox 137 1747 1647 1799; baseline -0.004 -9"><span class='ocrx_word' id='word_1_204' title='bbox 137 1751 381 1790; x_wconf 89' lang='lat' dir='ltr'>intercidisse</span> <span class='ocrx_word' id='word_1_205' title='bbox 409 1757 477 1789; x_wconf 86' lang='lat' dir='ltr'>aut</span> <span class='ocrx_word' id='word_1_206' title='bbox 505 1750 768 1799; x_wconf 89' lang='lat' dir='ltr'>septendecim</span> <span class='ocrx_word' id='word_1_207' title='bbox 798 1754 866 1788; x_wconf 89' lang='lat' dir='ltr'>aut</span> <span class='ocrx_word' id='word_1_208' title='bbox 893 1750 1026 1798; x_wconf 83' lang='lat' dir='ltr'>viginti</span> <span class='ocrx_word' id='word_1_209' title='bbox 1055 1750 1243 1788; x_wconf 87' lang='lat' dir='ltr'>talentum</span> <span class='ocrx_word' id='word_1_210' title='bbox 1272 1760 1488 1787; x_wconf 89' lang='lat' dir='ltr'>numerum:</span> <span class='ocrx_word' id='word_1_211' title='bbox 1526 1749 1557 1785; x_wconf 91' lang='lat' dir='ltr'>si</span> <span class='ocrx_word' id='word_1_212' title='bbox 1587 1747 1647 1785; x_wconf 82' lang='lat' dir='ltr'>vel</span> 
     </span>
     <span class='ocr_line' id='line_1_24' title="bbox 140 1812 1648 1860; baseline -0.003 -8"><span class='ocrx_word' id='word_1_213' title='bbox 140 1816 323 1853; x_wconf 87' lang='lat' dir='ltr'>minorem</span> <span class='ocrx_word' id='word_1_214' title='bbox 352 1815 413 1852; x_wconf 91' lang='lat' dir='ltr'>vel</span> <span class='ocrx_word' id='word_1_215' title='bbox 441 1815 622 1852; x_wconf 89' lang='lat' dir='ltr'>maiorem</span> <span class='ocrx_word' id='word_1_216' title='bbox 654 1825 795 1859; x_wconf 90' lang='lat' dir='ltr'>sumas,</span> <span class='ocrx_word' id='word_1_217' title='bbox 825 1824 973 1851; x_wconf 89' lang='lat' dir='ltr'>summa</span> <span class='ocrx_word' id='word_1_218' title='bbox 1001 1824 1076 1851; x_wconf 90' lang='lat' dir='ltr'>non</span> <span class='ocrx_word' id='word_1_219' title='bbox 1111 1813 1297 1860; x_wconf 79' lang='lat' dir='ltr'>quadrat3</span> <span class='ocrx_word' id='word_1_220' title='bbox 1327 1812 1456 1850; x_wconf 90' lang='lat' dir='ltr'>decem</span> <span class='ocrx_word' id='word_1_221' title='bbox 1492 1816 1529 1849; x_wconf 92' lang='lat' dir='ltr'>et</span> <span class='ocrx_word' id='word_1_222' title='bbox 1563 1815 1648 1848; x_wconf 92' lang='lat' dir='ltr'>octo</span> 
     </span>
    </p>
   </div>
   <div class='ocr_carea' id='block_1_5' title="bbox 135 1875 1649 2371">
    <p class='ocr_par' dir='ltr' id='par_1_5' title="bbox 135 1875 1649 2371">
     <span class='ocr_line' id='line_1_25' title="bbox 135 1875 1649 1929; baseline -0.003 -7"><span class='ocrx_word' id='word_1_223' title='bbox 135 1895 227 1922; x_wconf 87' lang='lat' dir='ltr'>vero</span> <span class='ocrx_word' id='word_1_224' title='bbox 264 1887 331 1922; x_wconf 85' lang='lat' dir='ltr'>aut</span> <span class='ocrx_word' id='word_1_225' title='bbox 365 1883 496 1922; x_wconf 88' lang='lat' dir='ltr'>decem</span> <span class='ocrx_word' id='word_1_226' title='bbox 533 1887 570 1921; x_wconf 89' lang='lat' dir='ltr'>et</span> <span class='ocrx_word' id='word_1_227' title='bbox 605 1894 739 1920; x_wconf 89' lang='lat' dir='ltr'>novem</span> <span class='ocrx_word' id='word_1_228' title='bbox 776 1882 961 1920; x_wconf 87' lang='lat' dir='ltr'>talentum</span> <span class='ocrx_word' id='word_1_229' title='bbox 992 1883 1102 1929; x_wconf 85' lang='lat' dir='ltr'>signa</span> <span class='ocrx_word' id='word_1_230' title='bbox 1130 1885 1218 1919; x_wconf 87' lang='lat' dir='ltr'>ante</span> <span class='ocrx_word' id='word_1_231' title='bbox 1247 1875 1350 1919; x_wconf 91' lang='grc' dir='ltr'>ΤΤ</span> <span class='ocrx_word' id='word_1_232' title='bbox 1371 1881 1544 1928; x_wconf 89' lang='lat' dir='ltr'>suppleri</span> <span class='ocrx_word' id='word_1_233' title='bbox 1572 1891 1649 1917; x_wconf 90' lang='lat' dir='ltr'>non</span> 
     </span>
     <span class='ocr_line' id='line_1_26' title="bbox 140 1943 1647 1995; baseline -0.005 -9"><span class='ocrx_word' id='word_1_234' title='bbox 140 1950 314 1995; x_wconf 89' lang='lat' dir='ltr'>possunt.</span> <span class='ocrx_word' id='word_1_235' title='bbox 358 1946 494 1985; x_wconf 90' lang='lat' dir='ltr'>Statuo</span> <span class='ocrx_word' id='word_1_236' title='bbox 514 1947 632 1994; x_wconf 82' lang='lat' dir='ltr'>igitur</span> <span class='ocrx_word' id='word_1_237' title='bbox 651 1949 769 1984; x_wconf 87' lang='lat' dir='ltr'>totam</span> <span class='ocrx_word' id='word_1_238' title='bbox 789 1944 908 1983; x_wconf 86' lang='lat' dir='ltr'>fuisse</span> <span class='ocrx_word' id='word_1_239' title='bbox 929 1956 1113 1982; x_wconf 86' lang='lat' dir='ltr'>summam</span> <span class='ocrx_word' id='word_1_240' title='bbox 1144 1949 1192 1982; x_wconf 89' lang='lat'>24</span> <span class='ocrx_word' id='word_1_241' title='bbox 1208 1945 1273 1981; x_wconf 88' lang='lat' dir='ltr'>tal.</span> <span class='ocrx_word' id='word_1_242' title='bbox 1297 1949 1395 1982; x_wconf 85' lang='lat'>5146</span> <span class='ocrx_word' id='word_1_243' title='bbox 1413 1943 1469 1981; x_wconf 87' lang='lat' dir='ltr'>dr.</span> <span class='ocrx_word' id='word_1_244' title='bbox 1491 1949 1512 1981; x_wconf 83' lang='lat'><strong>3</strong></span> <span class='ocrx_word' id='word_1_245' title='bbox 1535 1943 1647 1989; x_wconf 92' lang='lat' dir='ltr'>obol.,</span> 
     </span>
     <span class='ocr_line' id='line_1_27' title="bbox 137 2006 1648 2057; baseline -0.003 -10"><span class='ocrx_word' id='word_1_246' title='bbox 137 2009 227 2048; x_wconf 91' lang='lat' dir='ltr'>inde</span> <span class='ocrx_word' id='word_1_247' title='bbox 262 2020 434 2057; x_wconf 87' lang='lat' dir='ltr'>expensa</span> <span class='ocrx_word' id='word_1_248' title='bbox 469 2020 554 2047; x_wconf 89' lang='lat' dir='ltr'>esse</span> <span class='ocrx_word' id='word_1_249' title='bbox 590 2013 638 2046; x_wconf 85' lang='lat'>22</span> <span class='ocrx_word' id='word_1_250' title='bbox 657 2009 722 2046; x_wconf 90' lang='lat' dir='ltr'>tal.</span> <span class='ocrx_word' id='word_1_251' title='bbox 760 2012 858 2046; x_wconf 89' lang='lat'><strong>5636</strong></span> <span class='ocrx_word' id='word_1_252' title='bbox 889 2007 944 2044; x_wconf 88' lang='lat' dir='ltr'>dr.</span> <span class='ocrx_word' id='word_1_253' title='bbox 983 2012 1004 2045; x_wconf 88' lang='lat'><strong>3</strong></span> <span class='ocrx_word' id='word_1_254' title='bbox 1032 2007 1153 2053; x_wconf 92' lang='lat' dir='ltr'>obol.,</span> <span class='ocrx_word' id='word_1_255' title='bbox 1189 2006 1426 2054; x_wconf 82' lang='lat' dir='ltr'>superfuisse</span> <span class='ocrx_word' id='word_1_256' title='bbox 1462 2006 1648 2042; x_wconf 85' lang='lat' dir='ltr'>talentum</span> 
     </span>
     <span class='ocr_line' id='line_1_28' title="bbox 136 2069 1649 2119; baseline -0.003 -9"><span class='ocrx_word' id='word_1_257' title='bbox 136 2083 253 2110; x_wconf 91' lang='lat' dir='ltr'>unum</span> <span class='ocrx_word' id='word_1_258' title='bbox 275 2076 313 2110; x_wconf 88' lang='lat' dir='ltr'>et</span> <span class='ocrx_word' id='word_1_259' title='bbox 333 2077 432 2111; x_wconf 89' lang='lat'>5510</span> <span class='ocrx_word' id='word_1_260' title='bbox 453 2071 561 2116; x_wconf 83' lang='lat' dir='ltr'>dr.⁵³)</span> <span class='ocrx_word' id='word_1_261' title='bbox 592 2071 740 2110; x_wconf 91' lang='lat' dir='ltr'>Deinde</span> <span class='ocrx_word' id='word_1_262' title='bbox 762 2082 876 2119; x_wconf 89' lang='lat' dir='ltr'>quum</span> <span class='ocrx_word' id='word_1_263' title='bbox 903 2071 1096 2118; x_wconf 86' lang='lat' dir='ltr'>cognitum</span> <span class='ocrx_word' id='word_1_264' title='bbox 1126 2070 1336 2108; x_wconf 88' lang='lat' dir='ltr'>habeamus</span> <span class='ocrx_word' id='word_1_265' title='bbox 1358 2069 1649 2117; x_wconf 72' lang='lat' dir='ltr'>Amphictyoni-</span> 
     </span>
     <span class='ocr_line' id='line_1_29' title="bbox 140 2131 1648 2182; baseline -0.004 -9"><span class='ocrx_word' id='word_1_266' title='bbox 140 2135 212 2173; x_wconf 90' lang='lat' dir='ltr'>bus</span> <span class='ocrx_word' id='word_1_267' title='bbox 241 2135 384 2173; x_wconf 90' lang='lat' dir='ltr'>nostris</span> <span class='ocrx_word' id='word_1_268' title='bbox 413 2146 436 2173; x_wconf 89' lang='lat' dir='ltr'>a</span> <span class='ocrx_word' id='word_1_269' title='bbox 464 2135 624 2182; x_wconf 84' lang='lat' dir='ltr'>collegio</span> <span class='ocrx_word' id='word_1_270' title='bbox 645 2135 873 2182; x_wconf 85' lang='lat' dir='ltr'>magistratu</span> <span class='ocrx_word' id='word_1_271' title='bbox 895 2133 1060 2171; x_wconf 86' lang='lat' dir='ltr'>abeunte</span> <span class='ocrx_word' id='word_1_272' title='bbox 1091 2138 1139 2171; x_wconf 85' lang='lat'>20</span> <span class='ocrx_word' id='word_1_273' title='bbox 1159 2133 1226 2170; x_wconf 87' lang='lat' dir='ltr'>tal.</span> <span class='ocrx_word' id='word_1_274' title='bbox 1257 2136 1295 2170; x_wconf 91' lang='lat' dir='ltr'>et</span> <span class='ocrx_word' id='word_1_275' title='bbox 1316 2136 1570 2170; x_wconf 86' lang='lat'>2850—2900</span> <span class='ocrx_word' id='word_1_276' title='bbox 1591 2131 1648 2169; x_wconf 89' lang='lat' dir='ltr'>dr.</span> 
     </span>
     <span class='ocr_line' id='line_1_30' title="bbox 135 2195 1647 2245; baseline -0.004 -8"><span class='ocrx_word' id='word_1_277' title='bbox 135 2197 280 2237; x_wconf 87' lang='lat' dir='ltr'>tradita</span> <span class='ocrx_word' id='word_1_278' title='bbox 321 2209 424 2245; x_wconf 90' lang='lat' dir='ltr'>esse,</span> <span class='ocrx_word' id='word_1_279' title='bbox 471 2209 630 2236; x_wconf 90' lang='lat' dir='ltr'>necesse</span> <span class='ocrx_word' id='word_1_280' title='bbox 671 2201 728 2235; x_wconf 84' lang='lat' dir='ltr'>est</span> <span class='ocrx_word' id='word_1_281' title='bbox 765 2196 814 2235; x_wconf 90' lang='lat' dir='ltr'>ad</span> <span class='ocrx_word' id='word_1_282' title='bbox 850 2207 915 2234; x_wconf 92' lang='lat' dir='ltr'>eos</span> <span class='ocrx_word' id='word_1_283' title='bbox 951 2207 1020 2234; x_wconf 90' lang='lat' dir='ltr'>suo</span> <span class='ocrx_word' id='word_1_284' title='bbox 1057 2207 1157 2234; x_wconf 87' lang='lat' dir='ltr'>anno</span> <span class='ocrx_word' id='word_1_285' title='bbox 1206 2207 1331 2243; x_wconf 88' lang='lat' dir='ltr'>neque</span> <span class='ocrx_word' id='word_1_286' title='bbox 1369 2196 1493 2232; x_wconf 91' lang='lat' dir='ltr'>minus</span> <span class='ocrx_word' id='word_1_287' title='bbox 1530 2199 1552 2231; x_wconf 86' lang='lat'>4</span> <span class='ocrx_word' id='word_1_288' title='bbox 1581 2195 1647 2232; x_wconf 84' lang='lat' dir='ltr'>tal.</span> 
     </span>
     <span class='ocr_line' id='line_1_31' title="bbox 137 2257 1648 2309; baseline -0.003 -10"><span class='ocrx_word' id='word_1_289' title='bbox 137 2265 235 2300; x_wconf 84' lang='lat'>2246</span> <span class='ocrx_word' id='word_1_290' title='bbox 257 2261 313 2299; x_wconf 89' lang='lat' dir='ltr'>dr.</span> <span class='ocrx_word' id='word_1_291' title='bbox 349 2272 474 2309; x_wconf 90' lang='lat' dir='ltr'>neque</span> <span class='ocrx_word' id='word_1_292' title='bbox 502 2261 590 2309; x_wconf 90' lang='lat' dir='ltr'>plus</span> <span class='ocrx_word' id='word_1_293' title='bbox 620 2265 642 2298; x_wconf 88' lang='lat'>4</span> <span class='ocrx_word' id='word_1_294' title='bbox 669 2260 734 2298; x_wconf 86' lang='lat' dir='ltr'>tal.</span> <span class='ocrx_word' id='word_1_295' title='bbox 765 2263 864 2298; x_wconf 83' lang='lat'>2296</span> <span class='ocrx_word' id='word_1_296' title='bbox 892 2258 948 2296; x_wconf 90' lang='lat' dir='ltr'>dr.</span> <span class='ocrx_word' id='word_1_297' title='bbox 978 2258 1152 2296; x_wconf 90' lang='lat' dir='ltr'>rediisse.</span> <span class='ocrx_word' id='word_1_298' title='bbox 1224 2257 1377 2304; x_wconf 88' lang='lat' dir='ltr'>Omnes,</span> <span class='ocrx_word' id='word_1_299' title='bbox 1409 2269 1505 2305; x_wconf 87' lang='lat' dir='ltr'>quas</span> <span class='ocrx_word' id='word_1_300' title='bbox 1547 2268 1648 2295; x_wconf 90' lang='lat' dir='ltr'>com-</span> 
     </span>
     <span class='ocr_line' id='line_1_32' title="bbox 135 2320 1570 2371; baseline -0.003 -9"><span class='ocrx_word' id='word_1_301' title='bbox 135 2324 287 2371; x_wconf 80' lang='lat' dir='ltr'>putavi,</span> <span class='ocrx_word' id='word_1_302' title='bbox 315 2324 486 2362; x_wconf 89' lang='lat' dir='ltr'>rationes</span> <span class='ocrx_word' id='word_1_303' title='bbox 515 2323 616 2361; x_wconf 90' lang='lat' dir='ltr'>hunc</span> <span class='ocrx_word' id='word_1_304' title='bbox 643 2322 724 2361; x_wconf 90' lang='lat' dir='ltr'>fere</span> <span class='ocrx_word' id='word_1_305' title='bbox 753 2323 793 2359; x_wconf 94' lang='lat' dir='ltr'>in</span> <span class='ocrx_word' id='word_1_306' title='bbox 822 2321 974 2359; x_wconf 91' lang='lat' dir='ltr'>modum</span> <span class='ocrx_word' id='word_1_307' title='bbox 1008 2320 1143 2359; x_wconf 87' lang='lat' dir='ltr'>tabula</span> <span class='ocrx_word' id='word_1_308' title='bbox 1169 2320 1357 2358; x_wconf 88' lang='lat' dir='ltr'>illustrari</span> <span class='ocrx_word' id='word_1_309' title='bbox 1386 2323 1570 2367; x_wconf 86' lang='lat' dir='ltr'>possunt:</span> 
     </span>
    </p>
   </div>
   <div class='ocr_carea' id='block_1_6' title="bbox 138 2410 411 2415">
    <p class='ocr_par' dir='ltr' id='par_1_6' title="bbox 138 2410 411 2415">
     <span class='ocr_line' id='line_1_33' title="bbox 138 2410 411 2415; baseline 0 0"><span class='ocrx_word' id='word_1_310' title='bbox 138 2410 411 2415; x_wconf 95' lang='lat' dir='ltr'> </span> 
     </span>
    </p>
   </div>
   <div class='ocr_carea' id='block_1_7' title="bbox 135 2455 1648 2788">
    <p class='ocr_par' dir='ltr' id='par_1_7' title="bbox 227 2455 1647 2503">
     <span class='ocr_line' id='line_1_34' title="bbox 227 2455 1647 2503; baseline -0.003 -9"><span class='ocrx_word' id='word_1_311' title='bbox 227 2460 274 2502; x_wconf 82' lang='lat'>⁵¹)</span> <span class='ocrx_word' id='word_1_312' title='bbox 300 2459 377 2494; x_wconf 83' lang='lat' dir='ltr'>O.1.</span> <span class='ocrx_word' id='word_1_313' title='bbox 393 2459 436 2494; x_wconf 94' lang='lat' dir='ltr'>A.</span> <span class='ocrx_word' id='word_1_314' title='bbox 462 2459 508 2503; x_wconf 95' lang='lat' dir='ltr'>II,</span> <span class='ocrx_word' id='word_1_315' title='bbox 533 2460 638 2503; x_wconf 83' lang='lat' dir='ltr'>814b,</span> <span class='ocrx_word' id='word_1_316' title='bbox 664 2459 724 2493; x_wconf 88' lang='lat' dir='ltr'>lin.</span> <span class='ocrx_word' id='word_1_317' title='bbox 747 2461 786 2493; x_wconf 91' lang='lat'>15</span> <span class='ocrx_word' id='word_1_318' title='bbox 804 2463 840 2493; x_wconf 88' lang='lat' dir='ltr'>et</span> <span class='ocrx_word' id='word_1_319' title='bbox 857 2460 911 2493; x_wconf 87' lang='lat'>33.</span> <span class='ocrx_word' id='word_1_320' title='bbox 1052 2458 1099 2494; x_wconf 68' lang='lat'>⁵2)</span> <span class='ocrx_word' id='word_1_321' title='bbox 1128 2457 1165 2492; x_wconf 82' lang='lat' dir='ltr'>C.</span> <span class='ocrx_word' id='word_1_322' title='bbox 1180 2457 1195 2491; x_wconf 95' lang='lat' dir='ltr'>I</span> <span class='ocrx_word' id='word_1_323' title='bbox 1210 2457 1253 2491; x_wconf 90' lang='lat' dir='ltr'>A.</span> <span class='ocrx_word' id='word_1_324' title='bbox 1272 2455 1298 2501; x_wconf 97' lang='lat' dir='ltr'>I,</span> <span class='ocrx_word' id='word_1_325' title='bbox 1318 2459 1395 2495; x_wconf 81' lang='grc'>283,</span> <span class='ocrx_word' id='word_1_326' title='bbox 1423 2456 1483 2490; x_wconf 89' lang='lat' dir='ltr'>lin.</span> <span class='ocrx_word' id='word_1_327' title='bbox 1503 2459 1524 2492; x_wconf 91' lang='lat'>9</span> <span class='ocrx_word' id='word_1_328' title='bbox 1542 2462 1575 2490; x_wconf 84' lang='lat' dir='ltr'>et</span> <span class='ocrx_word' id='word_1_329' title='bbox 1599 2459 1647 2490; x_wconf 82' lang='lat'>12.</span> 
     </span>
    </p>

    <p class='ocr_par' dir='ltr' id='par_1_8' title="bbox 135 2513 1648 2788">
     <span class='ocr_line' id='line_1_35' title="bbox 227 2513 1648 2562; baseline -0.003 -11"><span class='ocrx_word' id='word_1_330' title='bbox 227 2517 272 2562; x_wconf 82' lang='lat'>⁵³)</span> <span class='ocrx_word' id='word_1_331' title='bbox 298 2515 470 2560; x_wconf 88' lang='lat' dir='ltr'>Supplevi</span> <span class='ocrx_word' id='word_1_332' title='bbox 492 2516 603 2559; x_wconf 81' lang='lat' dir='ltr'>igitur</span> <span class='ocrx_word' id='word_1_333' title='bbox 627 2516 664 2550; x_wconf 92' lang='lat' dir='ltr'>in</span> <span class='ocrx_word' id='word_1_334' title='bbox 689 2515 749 2549; x_wconf 92' lang='lat' dir='ltr'>lin.</span> <span class='ocrx_word' id='word_1_335' title='bbox 767 2517 836 2550; x_wconf 61' lang='grc' dir='ltr'>46*ἱ</span> <span class='ocrx_word' id='word_1_336' title='bbox 860 2514 986 2558; x_wconf 85' lang='lat' dir='ltr'>viginti</span> <span class='ocrx_word' id='word_1_337' title='bbox 1011 2514 1187 2549; x_wconf 87' lang='lat' dir='ltr'>talentum</span> <span class='ocrx_word' id='word_1_338' title='bbox 1205 2514 1323 2557; x_wconf 79' lang='lat' dir='ltr'>signa:</span> <span class='ocrx_word' id='word_1_339' title='bbox 1350 2523 1431 2547; x_wconf 88' lang='lat' dir='ltr'>nam</span> <span class='ocrx_word' id='word_1_340' title='bbox 1458 2513 1487 2547; x_wconf 88' lang='lat' dir='ltr'>si</span> <span class='ocrx_word' id='word_1_341' title='bbox 1506 2518 1648 2557; x_wconf 80' lang='lat' dir='ltr'>septen-</span> 
     </span>
     <span class='ocr_line' id='line_1_36' title="bbox 136 2570 1645 2615; baseline -0.003 -7"><span class='ocrx_word' id='word_1_342' title='bbox 136 2572 252 2608; x_wconf 87' lang='lat' dir='ltr'>decim</span> <span class='ocrx_word' id='word_1_343' title='bbox 274 2576 415 2606; x_wconf 75' lang='lat' dir='ltr'>tantum</span> <span class='ocrx_word' id='word_1_344' title='bbox 439 2581 615 2606; x_wconf 89' lang='lat' dir='ltr'>sumerem</span> <span class='ocrx_word' id='word_1_345' title='bbox 646 2571 891 2615; x_wconf 86' lang='lat' dir='ltr'>intercidisse,</span> <span class='ocrx_word' id='word_1_346' title='bbox 923 2570 1061 2606; x_wconf 85' lang='lat' dir='ltr'>reditus</span> <span class='ocrx_word' id='word_1_347' title='bbox 1089 2571 1198 2605; x_wconf 82' lang='lat' dir='ltr'>annui</span> <span class='ocrx_word' id='word_1_348' title='bbox 1225 2570 1271 2604; x_wconf 86' lang='lat' dir='ltr'>ad</span> <span class='ocrx_word' id='word_1_349' title='bbox 1295 2573 1387 2606; x_wconf 84' lang='lat'>8200</span> <span class='ocrx_word' id='word_1_350' title='bbox 1405 2570 1455 2604; x_wconf 89' lang='lat' dir='ltr'>dr.</span> <span class='ocrx_word' id='word_1_351' title='bbox 1482 2570 1556 2604; x_wconf 78' lang='lat' dir='ltr'>fere</span> <span class='ocrx_word' id='word_1_352' title='bbox 1583 2571 1645 2604; x_wconf 89' lang='lat' dir='ltr'>im-</span> 
     </span>
     <span class='ocr_line' id='line_1_37' title="bbox 135 2628 1646 2673; baseline -0.002 -9"><span class='ocrx_word' id='word_1_353' title='bbox 135 2629 395 2664; x_wconf 86' lang='lat' dir='ltr'>minuerentur:</span> <span class='ocrx_word' id='word_1_354' title='bbox 440 2639 547 2673; x_wconf 82' lang='lat' dir='ltr'>quam</span> <span class='ocrx_word' id='word_1_355' title='bbox 580 2639 755 2664; x_wconf 85' lang='lat' dir='ltr'>summam</span> <span class='ocrx_word' id='word_1_356' title='bbox 787 2639 865 2663; x_wconf 90' lang='lat' dir='ltr'>esse</span> <span class='ocrx_word' id='word_1_357' title='bbox 890 2628 1078 2672; x_wconf 88' lang='lat' dir='ltr'>minorem,</span> <span class='ocrx_word' id='word_1_358' title='bbox 1111 2638 1218 2671; x_wconf 82' lang='lat' dir='ltr'>quam</span> <span class='ocrx_word' id='word_1_359' title='bbox 1243 2632 1283 2662; x_wconf 87' lang='lat' dir='ltr'>ut</span> <span class='ocrx_word' id='word_1_360' title='bbox 1308 2637 1427 2661; x_wconf 77' lang='lat' dir='ltr'>veram</span> <span class='ocrx_word' id='word_1_361' title='bbox 1459 2637 1537 2662; x_wconf 80' lang='lat' dir='ltr'>esse</span> <span class='ocrx_word' id='word_1_362' title='bbox 1572 2638 1646 2662; x_wconf 79' lang='lat' dir='ltr'>cre-</span> 
     </span>
     <span class='ocr_line' id='line_1_38' title="bbox 137 2684 1647 2731; baseline -0.003 -10"><span class='ocrx_word' id='word_1_363' title='bbox 137 2686 221 2721; x_wconf 89' lang='lat' dir='ltr'>dere</span> <span class='ocrx_word' id='word_1_364' title='bbox 245 2686 364 2731; x_wconf 82' lang='lat' dir='ltr'>liceat,</span> <span class='ocrx_word' id='word_1_365' title='bbox 390 2686 446 2722; x_wconf 87' lang='lat' dir='ltr'>vel</span> <span class='ocrx_word' id='word_1_366' title='bbox 470 2685 552 2721; x_wconf 86' lang='lat' dir='ltr'>inde</span> <span class='ocrx_word' id='word_1_367' title='bbox 578 2690 690 2730; x_wconf 83' lang='lat' dir='ltr'>patet,</span> <span class='ocrx_word' id='word_1_368' title='bbox 717 2685 811 2729; x_wconf 90' lang='lat' dir='ltr'>quod</span> <span class='ocrx_word' id='word_1_369' title='bbox 837 2695 900 2730; x_wconf 88' lang='lat' dir='ltr'>pro</span> <span class='ocrx_word' id='word_1_370' title='bbox 926 2685 1046 2720; x_wconf 85' lang='lat' dir='ltr'>fundis</span> <span class='ocrx_word' id='word_1_371' title='bbox 1073 2685 1157 2720; x_wconf 89' lang='lat' dir='ltr'>solis</span> <span class='ocrx_word' id='word_1_372' title='bbox 1183 2685 1311 2719; x_wconf 76' lang='lat' dir='ltr'>locatis</span> <span class='ocrx_word' id='word_1_373' title='bbox 1338 2684 1546 2719; x_wconf 77' lang='lat' dir='ltr'>tantundem</span> <span class='ocrx_word' id='word_1_374' title='bbox 1574 2684 1647 2730; x_wconf 76' lang='lat' dir='ltr'>fere</span> 
     </span>
     <span class='ocr_line' id='line_1_39' title="bbox 136 2743 847 2788; baseline -0.001 -10"><span class='ocrx_word' id='word_1_375' title='bbox 136 2753 287 2788; x_wconf 88' lang='lat' dir='ltr'>pensum</span> <span class='ocrx_word' id='word_1_376' title='bbox 311 2748 376 2788; x_wconf 84' lang='lat' dir='ltr'>est,</span> <span class='ocrx_word' id='word_1_377' title='bbox 401 2743 519 2779; x_wconf 87' lang='lat' dir='ltr'>usuris</span> <span class='ocrx_word' id='word_1_378' title='bbox 545 2753 616 2778; x_wconf 89' lang='lat' dir='ltr'>non</span> <span class='ocrx_word' id='word_1_379' title='bbox 640 2744 847 2778; x_wconf 80' lang='lat' dir='ltr'>numeratis.</span> 
     </span>
    </p>
   </div>
  </div>
 </body>
</html>
