1979 3326
722 292 1009 334 -29-

111 416 327 465 Boeckhio,
364 417 429 466 qui
465 417 538 456 sibi
571 419 766 466 persuasit
796 421 950 456 exstare
979 415 1141 454 duorum
1171 416 1418 463 collegiorum
1446 415 1618 454 rationes

111 481 173 519 vel
205 481 336 528 unius,
375 480 479 529 quod
512 493 584 529 per
618 482 750 530 plures
788 492 908 519 annos
943 492 1101 518 munere
1144 483 1246 518 esset
1286 478 1469 517 functum.
1540 479 1624 517 Hoc

111 544 194 593 ipse
229 543 328 581 dixit
361 555 438 582 non
473 555 558 582 esse
593 545 674 582 veri
717 544 858 591 simile,
900 542 996 581 illud
1037 554 1128 581 vero
1169 543 1209 580 in
1251 544 1417 581 animum
1459 541 1624 589 induxit,

113 607 204 656 quia
243 618 412 655 menses,
453 619 476 646 a
512 607 650 655 quibus
685 608 914 655 incipientes
949 605 1087 644 fundos
1129 606 1343 652 locassent,
1391 617 1469 644 non
1509 605 1623 644 unius

115 682 199 709 esse
235 671 326 708 anni
362 670 520 709 videbat
554 670 750 709 archontis
786 669 973 717 Cratetis,
1016 668 1084 707 sed
1119 669 1234 707 etiam
1273 669 1394 716 illius,
1436 669 1502 717 qui
1536 668 1625 706 huic

113 734 310 781 successit,
338 733 554 782 Apseudis:
593 734 704 782 quasi
732 745 809 772 non
837 733 1035 781 potuerint
1062 732 1310 779 magistratus
1339 731 1490 779 fundos,
1528 742 1624 780 quos

113 796 223 836 brevi
249 801 341 846 post
368 797 561 836 locatione
589 797 732 835 liberos
762 796 844 834 fore
874 799 1052 842 nossent,
1087 796 1163 833 iam
1190 795 1230 832 in
1257 798 1456 843 posterum
1485 806 1626 833 annum

114 861 323 908 collocare,
359 861 393 898 si
419 861 587 908 pretium
617 860 759 897 iustum
789 858 1011 897 offerretur:
1047 858 1278 905 praesertim
1314 868 1431 905 quum
1468 857 1625 896 locatio-

112 935 203 962 num
233 924 386 962 omnino
415 926 531 971 pacta
563 934 640 961 non
676 934 744 960 suo
781 922 935 960 nomine
970 925 1120 960 tantum
1154 920 1328 959 facerent
1364 922 1492 967 (erant
1527 921 1626 958 enim

117 985 248 1024 decem
271 991 488 1034 annorum),
518 985 586 1024 sed
607 986 746 1034 quibus
767 986 881 1024 etiam
910 985 1114 1033 sequentia
1140 985 1435 1032 magistratuum
1463 983 1627 1032 collegia

113 1053 352 1088 tenerentur.
419 1049 519 1086 Mihi
553 1049 726 1097 quidem,
764 1060 880 1097 quum
916 1048 1022 1086 nullo
1057 1047 1170 1086 modo
1207 1050 1459 1086 secernantur
1502 1047 1568 1095 qui
1604 1057 1628 1084 a

113 1112 394 1161 Metagitnione
422 1124 553 1150 mense
582 1112 766 1150 archonte
796 1110 952 1149 Cratete
989 1112 1174 1159 pecunias
1211 1122 1344 1149 sacras
1371 1113 1525 1148 mutuas
1563 1109 1627 1148 de-

117 1174 258 1213 derunt
284 1176 533 1224 magistratus
562 1175 610 1213 ab
639 1176 698 1221 iis,
728 1176 793 1223 qui
821 1173 960 1212 fundos
988 1174 1215 1212 locaverunt
1240 1173 1330 1211 inde
1350 1173 1399 1211 ab
1419 1173 1628 1212 Antheste-

118 1239 227 1277 rione
249 1238 304 1289 (Ρ)
330 1250 460 1277 mense
482 1239 667 1277 archonte
689 1238 882 1287 Apseude,
911 1249 1028 1276 unum
1056 1238 1234 1286 idemque
1263 1237 1382 1276 fuisse
1412 1237 1627 1284 collegium,

118 1301 222 1350 quod
249 1312 312 1340 res
347 1313 478 1340 omnes
513 1302 752 1349 perscriptas
788 1302 969 1349 gesserit,
1007 1301 1253 1339 statuendum
1281 1300 1461 1338 videtur..
1507 1299 1630 1337 Dubi-

118 1368 202 1403 tare
230 1368 380 1403 tantum
407 1365 516 1412 licet,
545 1364 711 1403 fueritne
740 1376 928 1411 annuum,
966 1376 1090 1412 neque
1127 1363 1331 1410 habemus,
1369 1374 1445 1411 qua
1478 1363 1628 1401 ratione

120 1429 385 1476 quaestionem
413 1428 513 1467 hanc
542 1428 793 1467 diiudicemus
824 1440 843 1466 e
872 1429 984 1466 titulo
1013 1431 1158 1475 nostro,
1188 1427 1256 1465 sed
1276 1438 1392 1475 quum
1412 1427 1628 1474 posteriore

115 1495 309 1540 tempore,
349 1495 388 1530 et
416 1493 549 1540 quinto
578 1492 653 1530 iam
682 1492 837 1530 saeculo
866 1494 904 1530 et
932 1491 1070 1530 deinde
1107 1494 1264 1540 quarto,
1300 1491 1549 1539 magistratus
1590 1489 1629 1526 hi

117 1565 270 1602 semper
290 1554 407 1593 annui
436 1553 591 1602 fuerint,
619 1554 722 1603 quod
740 1553 842 1592 infra
870 1553 1084 1598 ostendam,
1114 1565 1191 1592 non
1219 1557 1279 1592 est
1308 1564 1376 1591 cur
1405 1552 1511 1591 aliud
1538 1555 1630 1590 tunc

116 1617 203 1665 lege
233 1621 407 1656 sanctum
436 1616 555 1656 fuisse
584 1617 796 1656 credamus.

228 1680 407 1719 Ceterum
436 1680 623 1719 Boeckhii
659 1681 932 1719 commentario
969 1680 1272 1728 locupletissimo
1309 1690 1407 1727 quae
1437 1678 1629 1725 adiiciam,

117 1753 243 1791 pauca
278 1747 368 1782 sunt
403 1748 520 1793 atque
558 1744 762 1791 eiusmodi,
805 1748 848 1781 ut
884 1745 965 1782 viro
1003 1743 1223 1782 doctissimo
1265 1743 1432 1780 nondum
1477 1742 1632 1789 cognita

118 1817 203 1845 esse
239 1807 449 1855 potuerint.
518 1807 737 1845 Archontes
772 1808 872 1844 enim
908 1806 1076 1844 deliacos
1110 1817 1187 1844 non
1222 1817 1293 1853 per
1329 1805 1429 1843 idem
1466 1808 1631 1852 tempus,

124 1880 196 1917 per
225 1869 327 1917 quod
347 1870 653 1916 Atheniensium,
682 1881 819 1907 munus
849 1869 991 1907 obiisse
1021 1881 1040 1906 e
1069 1869 1216 1906 liberae
1244 1868 1482 1916 reipublicae
1502 1867 1632 1905 Delio—

125 1943 209 1969 rum
238 1933 361 1970 titulis
390 1944 514 1980 nuper
541 1935 689 1970 tantum
716 1933 973 1980 cognovimus.
1010 1932 1110 1970 unde
1140 1935 1304 1979 apparet
1330 1932 1632 1978 uniuscuiusque

122 2005 264 2033 annum
300 2006 324 2033 a
351 1994 555 2033 Lenaeone
592 2006 721 2032 mense
758 1995 968 2042 incepisse,
999 1995 1063 2042 qui
1092 1995 1131 2031 in
1161 1994 1387 2032 Gameliona
1416 1993 1519 2031 cadit
1547 1994 1633 2031 atti—

123 2068 221 2105 cum,
242 2056 391 2095 finitum
412 2057 628 2095 Posideone
657 2057 855 2095 amborum
886 2056 996 2094 fastis
1025 2058 1226 2094 communi.
1277 2056 1387 2103 Quod
1416 2057 1631 2093 institutum

119 2131 196 2158 non
234 2119 367 2158 dubito
399 2123 436 2158 et
465 2120 514 2158 ad
541 2120 650 2167 haec,
679 2119 726 2158 de
756 2120 894 2168 quibus
924 2120 1042 2158 verba
1070 2119 1188 2166 facio,
1218 2123 1393 2168 tempora
1422 2122 1459 2156 et
1487 2119 1536 2157 ad
1565 2130 1632 2157 an-

123 2183 295 2231 tiquiora
323 2183 435 2221 etiam
464 2182 524 2221 his
552 2181 780 2230 transferre,
813 2183 956 2230 quippe
986 2184 1093 2220 cuius
1123 2193 1240 2221 causa
1268 2183 1306 2219 in
1335 2186 1417 2220 tota
1445 2181 1630 2219 fastorum

130 2246 364 2284 deliacorum
392 2246 544 2284 ratione
573 2247 623 2284 sit
649 2246 795 2293 posita,
828 2257 927 2283 anno
957 2257 1031 2284 non
1062 2249 1150 2293 post
1179 2247 1325 2283 aestiva
1355 2249 1413 2289 (ut
1441 2245 1633 2291 Athenis),

124 2308 192 2347 sed
226 2311 315 2357 post
350 2308 514 2347 hiberna
549 2309 718 2346 solstitia
751 2309 971 2357 incipiente.
1030 2309 1134 2356 Quos
1163 2309 1284 2348 fastos
1313 2310 1527 2356 antiquitus
1557 2320 1634 2347 om-

123 2371 230 2409 nium
259 2371 395 2409 Ionum
430 2370 549 2409 fuisse
586 2382 804 2409 communes
840 2371 1067 2410 documento
1097 2375 1186 2409 sunt
1213 2372 1419 2409 multorum
1449 2373 1635 2410 mensium

125 2434 294 2482 nomina,
316 2445 415 2482 quae
442 2434 576 2472 eadem
603 2435 642 2471 in
663 2433 826 2471 diversis
856 2438 1006 2472 exstant
1037 2435 1256 2472 civitatibus
1286 2438 1401 2482 atque
1432 2435 1636 2483 desumpta

124 2499 215 2535 sunt
244 2518 289 2523 —
321 2496 424 2545 quod
458 2498 614 2535 maximi
648 2497 866 2535 habendum
900 2509 1038 2536 censeo
1068 2520 1115 2525 -
1147 2510 1169 2536 a
1198 2499 1447 2536 sollemnibus
1477 2497 1634 2536 deorum

123 2559 464 2607 vetustissimisffi)
521 2560 777 2607 Quamobrem
815 2561 915 2598 hunc
951 2573 1105 2609 quoque
1140 2561 1328 2600 fastorum
1364 2561 1556 2607 ordinem,
1593 2564 1636 2598 ut

214 2698 258 2743 1ὃ)
283 2697 332 2733 Ut
356 2697 558 2733 certissima
590 2701 730 2732 tantum
761 2697 910 2732 afferam
944 2699 1099 2743 exempli
1126 2699 1258 2743 gratia:
1298 2698 1484 2743 Lenaeon,
1518 2699 1589 2733 iam
1615 2708 1636 2733 a

122 2754 280 2790 Hesiodo
306 2760 603 2790 commemoratus
628 2753 729 2800 (Ἐργ.
749 2753 973 2801 x.‘H11.5O4),
1001 2757 1061 2801 qui
1087 2767 1216 2792 nomen
1241 2757 1340 2792 ducit
1366 2767 1387 2792 a
1411 2756 1636 2792 Lenaeorum
