1957 3293
900 320 1202 361 —218—

304 446 353 484 ad
381 446 450 484 hos
479 457 599 484 annos
628 446 864 494 pertinentes
893 444 1148 492 perscribere,
1176 445 1347 492 quamvis
1375 456 1452 484 non
1478 445 1534 483 ita
1561 444 1669 483 multi
1697 444 1794 490 sint3

303 509 370 546 sed
400 521 475 546 non
504 520 656 557 possum
687 507 827 554 facere,
870 509 961 556 quin
1003 518 1290 545 commemorem
1334 509 1598 556 magistrorum
1628 507 1792 546 duorum

300 572 605 614 (Mercurialium
642 571 834 612 videlicet)
873 571 1033 608 nomina⁴
1069 569 1112 607 L.
1150 570 1257 608 Orbii
1295 570 1346 607 M.
1383 569 1406 608 f.
1443 570 1638 616 Hor(atia)
1675 574 1715 609 et
1751 571 1796 608 A.

300 636 486 673 Attioleni
516 637 560 672 A.
590 633 614 672 f.
647 634 834 680 Vel(ina),
864 633 1030 671 tribuum
1061 634 1160 671 notis
1189 633 1394 681 adscriptis
1422 634 1609 681 insignia,
1637 645 1798 682 quorum

300 699 363 736 ille
392 698 488 735 duas
517 702 664 736 statuas
693 697 902 743 dicavit,¹¹)
932 697 993 733 hic
1020 707 1132 733 unam
1162 695 1201 734 C.
1234 696 1386 734 Billieni
1424 694 1688 735 »reficiendam
1718 697 1796 734 coi-

301 759 498 806 ravit·;¹²)
537 760 782 808 quamobrem
812 760 927 798 credo
957 760 1070 797 etiam
1101 760 1259 797 alteram
1289 759 1401 797 huius
1428 760 1500 796 viri
1528 763 1692 798 statuam
1722 770 1799 798 non

304 824 386 861 sine
415 823 598 861 Italorum
629 823 799 870 collegiis
829 834 912 860 esse
940 821 1120 860 refectam
1151 822 1199 860 ab
1219 822 1451 860 Aristandro
1478 822 1608 868 Pario,
1634 821 1800 860 fortasse

302 887 417 924 etiam
458 887 571 924 aliam
618 886 737 930 innoti
775 885 954 931 hominis,
998 895 1110 933 quam
1149 884 1288 922 artifex
1329 885 1430 923 idem
1469 882 1799 927 &nectebaaev.¹⁸)

302 950 502 988 Postremo
538 961 789 987 commemoro
825 948 920 986 duos
956 948 1108 994 titulos,
1145 960 1240 996 quos
1268 949 1342 986 iam
1377 949 1454 986 alio
1488 949 1572 987 loco
1600 947 1679 986 dixi
1717 958 1801 986 esse

301 1014 464 1060 scriptos
487 1024 509 1050 a
530 1013 774 1059 collegiorum
799 1010 1055 1058 magistris‚¹⁴)
1084 1021 1199 1047 unum
1221 1010 1273 1047 M.
1296 1011 1457 1048 Aemilio
1477 1010 1637 1059 Lepido,
1666 1010 1710 1058 Q.
1725 1010 1803 1048 Lu-

301 1077 395 1113 tatio
417 1075 553 1113 Catulo
582 1086 679 1113 coss.
712 1077 802 1114 (676
831 1085 864 1112 a.
886 1086 920 1111 u.
943 1085 974 1111 c.
996 1088 1038 1102 =
1061 1075 1106 1111 78
1136 1084 1169 1111 a.
1192 1072 1278 1111 Chr.
1301 1077 1376 1120 n.)‚
1405 1074 1565 1112 alterum
1597 1095 1639 1100 —
1671 1073 1713 1112 L.
1740 1073 1802 1111 Li·

302 1140 401 1176 cinio
435 1139 616 1184 Lucullo,
659 1138 710 1175 M.
756 1137 911 1175 Aurelio
955 1136 1067 1174 Cotta
1103 1141 1193 1180 (680
1221 1148 1253 1174 a.
1283 1148 1319 1174 u.
1345 1148 1377 1175 c.
1409 1151 1450 1166 =
1481 1139 1528 1174 74
1556 1147 1590 1175 a.
1619 1135 1707 1175 Chr.
1735 1139 1802 1181 n.)‚

304 1202 449 1240 Eodem
480 1201 560 1239 fere
589 1206 761 1249 tempore
791 1200 833 1238 C.
863 1201 1017 1243 Verres,
1047 1199 1201 1238 Siciliae
1232 1200 1296 1237 ille
1324 1198 1545 1247 praedator,
1574 1210 1658 1237 cum
1686 1199 1804 1238 Dola-

303 1266 426 1303 bellae
472 1266 619 1313 legatus
656 1269 776 1309 esset,
819 1268 946 1302 statua
985 1262 1149 1311 quadam
1192 1263 1435 1300 sanctissima
1469 1261 1564 1300 clam
1605 1266 1721 1300 noctu
1757 1273 1803 1300 ex

303 1329 494 1377 Apollinis
531 1327 618 1365 fano
648 1327 796 1373 ablata,
834 1326 1002 1365 ostendit
1030 1337 1105 1364 non
1144 1326 1271 1364 omnia
1298 1336 1321 1363 a
1354 1324 1594 1363 Mithridatis
1627 1324 1803 1364 barbaris

307 1391 434 1429 deleta
463 1403 546 1429 esse
576 1403 694 1439 opera
723 1395 839 1439 atque
868 1389 1043 1429 artificia.
1060 1388 1106 1432 ¹⁵)

407 1455 570 1492 Romani
601 1465 750 1492 sacram
780 1454 943 1491 insulam
971 1453 1020 1490 ad
1048 1453 1249 1501 pristinam
1271 1453 1569 1500 prosperitatem
1597 1452 1802 1490 restituere

306 1518 563 1563 conabantur,
599 1517 761 1555 Romani
791 1528 871 1554 eam
902 1515 1155 1563 diripiebant.
1190 1515 1448 1553 Romanorum
1482 1515 1632 1553 incuria
1659 1517 1698 1552 et
1724 1525 1806 1563 seg-

304 1583 417 1619 nities
454 1582 492 1618 in
528 1581 642 1618 rebus
679 1579 855 1628 gerendis
899 1580 1033 1617 ruinae
1070 1579 1154 1616 Deli
1189 1589 1306 1616 causa
1340 1577 1424 1616 fuit.
1484 1577 1673 1626 Tempore
1706 1578 1806 1616 enim

305 1646 388 1689 illo,
427 1656 501 1693 quo
531 1644 573 1681 L.
603 1643 785 1681 Lucullus
815 1643 953 1680 bellum
983 1646 1119 1680 contra
1146 1641 1411 1679 Mithridatem
1439 1641 1602 1679 alterum
1631 1640 1802 1688 gerebat,

306 1707 448 1745 factum
477 1711 546 1748 est.
583 1711 627 1744 ut
654 1706 765 1743 huius
795 1706 888 1743 socii
918 1706 1065 1753 piratae
1094 1726 1143 1731 -
1172 1703 1274 1752 quod
1305 1704 1444 1741 malum
1472 1707 1553 1741 tum
1580 1714 1605 1741 a
1624 1703 1806 1742 Romanis

305 1783 429 1819 paene
460 1771 673 1818 neglectum
704 1769 823 1806 maria
851 1769 978 1806 omnia
1005 1767 1228 1815 insulasque
1256 1765 1465 1804 infestabat
1491 1787 1540 1793 —
1559 1765 1809 1805 Athenodoro

305 1834 404 1872 duce
433 1838 659 1882 poterentur
686 1833 783 1870 Delo
813 1831 938 1870 insula
966 1835 1003 1868 et
1030 1830 1125 1868 urbe
1156 1833 1207 1876 (a.
1229 1834 1276 1868 69
1304 1840 1337 1867 a.
1358 1828 1446 1867 Chr.
1468 1832 1523 1875 n.)
1551 1840 1675 1878 neque
1702 1840 1804 1868 moe-

306 1897 419 1934 nibus
449 1897 574 1934 cincta
602 1907 724 1943 neque
746 1895 1004 1933 Romanorum
1034 1893 1156 1931 classe
1177 1891 1335 1931 defensa
1362 1892 1544 1941 illamque
1572 1891 1698 1931 denuo
1717 1891 1809 1930 diri-

307 1964 463 2007 perent,
493 1959 592 1997 hanc
620 1958 791 1996 funditus
827 1961 1064 2002 everterent3
1101 1956 1228 1994 insula
1255 1956 1329 1994 iam
1359 1955 1559 1994 devastata
1586 1956 1808 2004 supervenit

307 2023 349 2061 C.
380 2023 555 2061 Triarius
584 2022 735 2060 Luculli
764 2022 912 2069 legatus
941 2020 990 2058 ab
1018 2031 1062 2058 eo
1091 2019 1205 2058 classi
1231 2018 1452 2067 praefectus
1479 2029 1526 2057 ac
1552 2029 1661 2057 muro
1688 2018 1810 2057 cinxit

310 2109 356 2114 —
387 2086 517 2134 paullo
547 2087 670 2123 serius
699 2084 815 2122 credo
855 2106 886 2109 --
922 2083 1054 2120 urbem
1084 2082 1218 2120 incolis
1246 2092 1416 2119 vacuam.
1428 2080 1478 2127 16)

414 2149 502 2186 Fuit
531 2148 668 2186 Delus:
707 2159 911 2196 numquam
940 2152 1093 2194 postea,
1136 2157 1182 2184 ne
1220 2145 1342 2183 dicam
1377 2145 1578 2192 pristinam
1613 2143 1807 2193 prosperi-

309 2217 440 2257 tatem,
470 2211 535 2248 sed
566 2222 612 2248 ne
642 2212 806 2258 speciem
837 2209 989 2258 quidem
1011 2211 1092 2247 eius
1120 2208 1371 2256 recuperavit.
1427 2207 1554 2256 Atque
1583 2205 1811 2246 documento

314 2279 372 2312 est
401 2275 597 2312 titulorum
631 2278 871 2321 repertorum
900 2274 1066 2310 maxima
1093 2272 1250 2310 raritas:
1294 2270 1423 2318 plures
1457 2271 1555 2308 enim
1584 2281 1631 2308 ex
1666 2269 1811 2318 pirata·

312 2349 394 2375 rum
425 2338 639 2374 vastatione
676 2340 883 2384 supersunt
922 2336 1054 2383 scripti
1083 2335 1217 2383 paucis
1246 2335 1321 2372 illis
1347 2334 1448 2372 inter
1474 2332 1615 2371 bellum
1649 2332 1812 2381 primum

309 2406 350 2438 et
389 2400 597 2438 secundum
634 2399 938 2437 Mithridaticum
975 2399 1103 2444 annis,
1142 2409 1254 2446 quam
1290 2397 1427 2445 reliqui
1467 2399 1556 2434 sunt
1590 2407 1610 2434 e
1647 2394 1813 2445 quadra·

402 2556 446 2596 ¹¹)
471 2553 558 2588 Ibid.
578 2553 674 2596 VIII,
701 2564 733 2597 p.
759 2556 818 2588 145
843 2558 879 2587 et
897 2552 958 2596 XI,
986 2564 1018 2597 p.
1037 2554 1114 2588 269.
1265 2551 1308 2596 ¹²)
1333 2549 1422 2586 Ibid.
1448 2549 1511 2594 xl,
1536 2559 1570 2594 p.
1587 2549 1665 2584 270.

404 2612 447 2650 ¹³)
473 2612 508 2645 C.
524 2611 549 2645 I.
565 2610 607 2644 G.
625 2610 764 2654 2285b3
791 2609 852 2644 cfr.
880 2609 986 2644 etiam
1012 2609 1106 2644 Bull.
1132 2608 1166 2643 d.
1192 2609 1290 2643 Corr.
1315 2606 1409 2643 Heu.
1428 2606 1470 2651 V,
1495 2616 1529 2651 p.
1547 2607 1624 2641 462.

403 2671 447 2710 ¹⁴)
472 2668 563 2703 Bull.
590 2667 622 2701 d.
649 2667 745 2701 Corr.
776 2666 866 2701 Hell.
884 2666 990 2710 VIII,
1019 2677 1051 2711 p.
1075 2669 1136 2700 144
1162 2671 1198 2700 et
1225 2667 1298 2700 146.
1484 2664 1529 2706 ι5)
1553 2662 1625 2698 Cic.
1650 2662 1689 2698 iu
1712 2662 1814 2698 Verr.

310 2727 344 2771 1,
375 2730 424 2770 17,
454 2729 503 2761 18.
692 2725 734 2768 ¹⁶)
761 2723 883 2766 Phleg.
910 2722 1019 2758 Trall.
1045 2721 1112 2765 frg.
1136 2724 1174 2756 12
1199 2721 1317 2765 (Phot.
1343 2719 1420 2755 cod.
1436 2720 1496 2763 97)
1522 2718 1559 2753 ἰιι
1584 2718 1622 2754 C.
1647 2717 1814 2754 Mueller-i

313 2783 452 2827 Fragm.
481 2783 573 2817 Hist.
601 2782 726 2816 Graec.
753 2780 816 2825 111,
843 2791 876 2825 p.
897 2782 974 2815 606.
