1957 3293
861 316 1170 357 —204-

369 443 524 482 Putavit
552 443 640 480 olim
668 441 881 479 Homollius
911 441 1070 488 (aliique
1099 452 1184 478 eum
1214 440 1335 478 secuti
1364 443 1469 483 sunt)
1498 449 1574 478 non
1593 437 1767 477 diversos

266 506 382 544 fuisse
412 506 460 544 ab
491 506 548 543 his
577 504 864 552 magistratibus
893 503 1115 541 duumviros
1145 503 1254 549 alios,
1283 503 1349 551 qui
1379 501 1698 551 appellabantur:
1725 498 1771 538 οἱ

267 567 626 617 καθεσταμένοι
661 565 734 603 ἐπὶ
765 565 842 616 τὴν
869 565 1083 616 φυλακὴν
1118 565 1208 602 τῶν
1237 565 1380 615 ἱερῶν
1405 563 1666 616 χρημάτων
1693 562 1770 600 καὶ

268 631 358 668 τῶν
400 628 553 666 ἄλλων
594 628 842 679 προσόδων
879 629 965 664 τῶν
1013 629 1097 665 τοῦ
1141 627 1348 675 moestu)
1392 627 1468 664 τῶν
1502 625 1562 665 ἐπὶ
1596 625 1646 664 τὰ
1680 624 1769 677 ἱερὰ

268 706 403 733 nomen
433 694 633 732 brevitatis
662 703 780 731 causa
808 692 947 730 factum
978 703 1061 730 esse
1090 703 1251 730 censens
1280 703 1326 729 ex
1355 690 1427 729 hoc
1452 690 1625 738 longiore
1655 689 1769 728 satis-

267 769 341 806 que
375 755 630 799 incommodo,
666 766 750 792 cum
784 755 823 792 in
861 766 1030 792 errorem
1068 758 1170 792 esset
1199 753 1378 791 inductus
1406 751 1594 804 ἀπαρχῶν
1634 751 1770 790 tabula

267 821 376 858 initio
421 819 562 857 saeculi
600 819 712 865 primi
756 818 992 864 conscripta,
1037 828 1111 864 quo
1148 821 1320 864 tempore
1363 816 1457 854 haec
1491 815 1567 853 duo
1608 814 1771 863 collegia

265 882 304 919 in
333 893 449 918 unum
477 879 707 918 confluxisse
746 878 993 927 apparet-¹¹⁵)
1048 878 1191 917 Postea
1219 890 1310 916 vero
1340 879 1397 915 vir
1424 878 1489 916 ille
1525 877 1770 916 doctissimus

263 945 441 984 ,seiuncta
482 942 599 980 fuisse
641 943 735 980 haec
777 942 938 988 collegia
978 953 1049 988 per
1092 940 1250 978 secundi
1293 940 1437 978 saeculi
1478 940 1642 988 spatium
1683 950 1770 988 per-

270 1005 468 1054 spexit¹¹⁸)
499 1017 518 1043 e
547 1005 671 1042 titulis
701 1004 866 1042 nondum
895 1003 1040 1051 publici
1069 1004 1163 1041 iuris
1192 1002 1324 1050 factis,
1361 1014 1520 1051 qnorum
1550 1013 1665 1041 unum
1694 1013 1772 1040 me-

267 1081 350 1108 cum
381 1069 521 1106 litteris
550 1069 861 1114 communicavit,
898 1067 962 1105 ubi
991 1071 1310 1105 commemoratur
1345 1065 1547 1114 collegium
1575 1063 1769 1114 quoddam

267 1132 344 1169 τῶν
372 1129 431 1168 ἐπὶ
460 1130 523 1181 τὴν
550 1129 724 1180 φυλακὴν
758 1142 894 1168 munus
924 1130 1065 1168 obiisse
1095 1127 1153 1166 ἐπὶ
1178 1125 1387 1180 Ἀρχοντος
1420 1125 1616 1180 ἄρχοντος
1642 1149 1693 1155 -
1720 1148 1770 1154 -

268 1217 729 1224 ———————
759 1193 823 1230 καὶ
853 1193 929 1229 τῶν
957 1190 1016 1230 ἐπὶ
1046 1191 1093 1229 τὰ
1123 1191 1210 1242 ἱερὰ
1238 1191 1306 1229 τοῦ
1334 1190 1441 1229 δεῖνα
1461 1189 1525 1228 καὶ
1554 1189 1623 1227 τοῦ
1651 1187 1770 1226 δεῖνα.

270 1259 374 1298 Idem
406 1264 571 1307 apparet
601 1271 646 1296 ex
675 1257 891 1296 nominibus
926 1257 1003 1293 τῶν
1032 1253 1090 1293 ἐπὶ
1120 1255 1168 1293 τὰ
1198 1254 1283 1305 ἱερὰ
1311 1256 1350 1293 in
1379 1255 1451 1293 hoc
1478 1253 1590 1292 titulo
1618 1253 1772 1302 scriptis

269 1327 306 1359 et
334 1322 409 1357 τῶν
438 1320 497 1358 ἐπὶ
527 1320 591 1371 τὴν
621 1319 815 1370 φυλακήν,
855 1321 919 1368 qui
950 1319 1080 1357 eodem
1111 1318 1319 1357 Archontis
1355 1327 1456 1355 anno
1491 1319 1581 1354 sunt
1613 1325 1773 1354 munere

269 1383 401 1430 functi,
430 1385 465 1421 in
497 1385 572 1422 alio
602 1383 843 1422 exstantibus
872 1383 961 1420 item
990 1381 1135 1419 inedito
1165 1381 1333 1429 mihique
1362 1391 1382 1418 e
1422 1380 1562 1418 litteris
1589 1377 1773 1417 Homollii

269 1451 378 1492 noto,
421 1458 520 1494 quae
561 1458 719 1494 prorsus
761 1447 861 1483 inter
901 1457 942 1483 se
984 1445 1137 1482 diversa
1186 1449 1286 1482 sunt.
1357 1442 1419 1480 Ex
1460 1441 1603 1480 eisdem
1645 1440 1769 1479 titulis

270 1509 386 1547 didici
417 1508 510 1551 τοὺς
540 1507 599 1546 ἐπὶ
628 1507 693 1558 τὴν
721 1506 896 1558 φυλακὴν
931 1512 969 1546 et
997 1519 1144 1546 annuos
1179 1506 1316 1553 fuisse,
1352 1504 1455 1553 quod
1491 1515 1532 1542 se
1559 1504 1599 1542 in
1632 1513 1773 1542 annum

270 1572 478 1609 Archontis
515 1576 665 1609 creatos
695 1571 844 1613 dicunt,
882 1575 921 1608 et
950 1570 1091 1607 electos
1122 1568 1274 1617 quidem
1308 1565 1533 1618 χειροτονίᾳ
1559 1565 1620 1604 vel
1647 1577 1672 1604 a
1699 1565 1775 1603 cle·

273 1634 400 1671 ruchis
438 1634 595 1672 deliacis
624 1633 683 1670 vel
719 1632 767 1670 ab
797 1632 1087 1669 Atheniensium
1116 1631 1307 1669 contione.
1363 1629 1462 1668 Nam
1490 1640 1538 1667 ne
1565 1627 1661 1666 illud
1691 1628 1775 1676 qui·

273 1696 356 1734 dem
386 1701 492 1734 certa
520 1697 668 1734 ratione
705 1694 917 1732 diiudicare
946 1695 1037 1732 licet
1064 1706 1083 1731 e
1112 1694 1234 1731 titulis
1271 1692 1397 1731 adhuc
1425 1691 1557 1738 editis,
1590 1689 1775 1738 templum

273 1760 463 1807 Apollinis
506 1759 738 1806 divitiaeque
782 1769 913 1796 omnes
950 1758 987 1795 in
1026 1769 1070 1795 eo
1111 1760 1333 1796 asservatae
1373 1759 1501 1793 utrum
1536 1752 1775 1802 reipublicae

274 1823 511 1861 Athenarum
535 1834 582 1860 an
603 1821 821 1860 cleruchiae
843 1821 1014 1859 deliacae
1043 1821 1204 1868 propria
1223 1818 1383 1857 fuerint:
1412 1817 1486 1855 hoc
1504 1815 1658 1865 quidem
1677 1814 1774 1853 veri·

274 1885 434 1922 similius
463 1884 634 1930 videtur,
670 1883 771 1931 quod
802 1883 838 1920 hi
869 1886 1094 1930 quaestores
1123 1892 1407 1930 nonnumquam
1440 1879 1623 1918 iubentur
1650 1889 1674 1917 a
1700 1877 1776 1916 cle-

273 1947 474 1984 ruchorum
504 1947 681 1984 contione
707 1957 753 1982 ex
783 1945 933 1982 aerario
966 1945 1149 1992 pecunias
1189 1955 1348 1991 erogare
1377 1942 1426 1981 ad
1453 1941 1666 1991 praemium
1694 1939 1775 1978 viro

274 2009 370 2046 bene
400 2010 535 2046 merito
565 2008 731 2046 dandum
753 2009 811 2045 vel
841 2007 889 2045 ad
904 2007 1038 2055 populi
1058 2007 1216 2045 decreta
1235 2006 1356 2054 lapidi
1375 2003 1663 2047 incidenda.¹¹²)
1704 2001 1775 2041 Ce-

366 2147 428 2190 ¹1⁴)
454 2146 544 2181 Bull.
573 2146 604 2180 d.
632 2147 729 2180 Corr.
757 2145 849 2180 Hell.
880 2144 941 2188 IV,
967 2155 1000 2188 p.
1030 2146 1101 2178 125.
1288 2143 1350 2184 11ὃ)
1374 2140 1476 2175 Haec
1499 2143 1583 2175 sunt
1607 2137 1776 2174 Homullii

275 2202 398 2245 verba3
431 2201 594 2245 equidem
621 2201 788 2235 dubitans
814 2201 962 2242 haereo,
996 2199 1082 2243 quia
1105 2199 1141 2233 in
1167 2198 1290 2233 tabula
1319 2197 1388 2233 hac
1413 2196 1516 2232 modo
1547 2199 1622 2230 τῶν
1649 2194 1705 2230 ἐπὶ
1731 2194 1777 2229 τὰ

275 2260 357 2302 ἱερὰ
382 2258 570 2302 collegium
597 2258 801 2303 appellatur
826 2256 970 2299 (Medeo
995 2261 1031 2291 et
1056 2257 1198 2300 Argaeo
1221 2255 1471 2290 archontibus:
1503 2253 1568 2290 cfr.
1593 2258 1665 2289 not.
1686 2254 1775 2297 113),

275 2316 377 2351 modo
403 2316 435 2348 οἱ
462 2316 517 2348 ἐπὶ
542 2316 606 2359 τὴν
633 2316 795 2359 φυλακὴν
822 2316 895 2348 τῶν
923 2314 1033 2358 ἱερῶν
1056 2313 1258 2358 χρημάτων
1285 2311 1415 2357 (primo
1433 2309 1654 2347 ennetorldie
1670 2319 1776 2354 mo,

276 2372 404 2408 deinde
436 2371 654 2415 Echecrate,
688 2373 830 2415 Argaeo
861 2370 990 2405 iterum
1025 2368 1272 2404 archontibus:
1311 2367 1396 2403 ibid.
1429 2367 1554 2412 fragm.
1579 2365 1624 2402 D.
1657 2365 1724 2402 col.
1747 2365 1776 2411 1,

276 2432 335 2465 lin.
354 2434 460 2474 2—4;
488 2432 639 2465 35—37:
666 2430 790 2473 fragm.
811 2431 847 2464 C.
874 2429 1010 2471 col.11,
1037 2428 1096 2462 lin.
1123 2429 1278 2471 11—13›‚
1304 2430 1353 2470 ut,
1378 2425 1558 2461 fuerintne
1584 2423 1689 2460 ambo
1714 2433 1775 2459 no-

275 2488 371 2522 mina
397 2488 595 2532 promiscue
622 2493 795 2530 usurpata
821 2486 917 2521 nnllo
943 2485 1147 2521 discrimine
1173 2490 1280 2528 (quae
1307 2488 1361 2519 est
1377 2481 1547 2518 Homollii
1572 2480 1776 2525 sententia),

276 2555 320 2579 an
347 2545 497 2580 diversis
531 2544 633 2579 annis
665 2543 766 2577 modo
799 2543 882 2587 hoc,
917 2542 1019 2577 modo
1052 2541 1138 2577 illud
1173 2541 1361 2585 collegium
1392 2539 1564 2585 pecunias
1595 2538 1775 2584 ἀπαρχῶν

277 2603 416 2638 nomine
449 2602 656 2645 contulerit,
690 2601 888 2636 diiudicare
915 2606 1013 2635 certa
1038 2599 1177 2634 ratione
1202 2609 1272 2633 non
1297 2598 1406 2633 liceat
1429 2616 1474 2622 —
1497 2595 1614 2631 fateor
1642 2604 1706 2643 me,
1730 2593 1777 2630 ad

277 2661 425 2695 alteram
451 2661 543 2695 hanc
569 2659 770 2704 opinionem
798 2658 915 2702 potius
941 2656 1123 2691 inclinare.
1249 2655 1308 2699 ¹¹⁶)
1334 2652 1549 2689 »Archivosc
1577 2656 1643 2688 etc.
1668 2662 1703 2697 p.
1720 2653 1776 2696 25,

278 2723 347 2752 not.
367 2721 398 2752 5.
534 2717 593 2760 11⁷)
619 2715 718 2750 Haec
744 2715 876 2760 protuli
903 2725 921 2748 e
948 2714 1052 2749 titulo
1078 2712 1233 2748 nondum
1258 2711 1366 2755 edito,
1391 2721 1497 2755 quom
1520 2719 1658 2745 mecum
1682 2719 1777 2746 com·

279 2775 472 2809 manicavit
496 2773 706 2809 Homollius.
