1990 3326
974 260 1228 302 -3-

346 374 388 408 ut
423 370 541 411 fuisse
577 386 662 412 eum
705 376 808 416 dicat
850 382 982 421 eodem
1020 396 1095 433 quo
1137 387 1319 428 Archiam
1365 392 1622 437 Bacchiadam
1663 403 1851 450 tempore,

345 431 620 480 Syracusarum
652 439 756 478 urbis
785 443 1099 494 conditorem327)
1138 462 1262 498 neque
1291 455 1409 494 multo
1437 463 1527 505 post
1560 471 1714 501 carmen
1753 466 1849 504 illud

343 495 494 534 Delium
525 503 776 548 compositum
806 517 890 544 esse
917 512 1058 557 potest,
1090 523 1206 559 quum
1235 514 1451 557 Messenios
1481 520 1581 561 bello
1609 535 1695 564 cum
1724 527 1843 567 Lace-

342 557 551 599 daemoniis
586 563 671 610 ipsa
705 565 776 604 hac
805 567 1031 617 Olympiade
1072 579 1205 614 exorto
1233 579 1450 625 prohibitos
1485 584 1547 622 vix
1581 587 1766 628 credibile
1798 592 1848 630 sit

341 620 569 668 legationem
606 637 753 665 sacram
790 629 927 669 Delum
970 634 1210 684 misissem)
1274 640 1349 678 Sed
1384 655 1499 691 quum
1533 659 1604 695 per
1645 661 1685 689 se
1720 653 1845 700 ipsum

338 684 539 729 probabile
568 698 644 725 non
673 690 722 727 sit
750 690 875 731 Dores
904 694 1166 737 Messeniacos
1196 701 1244 739 ad
1272 703 1404 743 Ionum
1431 713 1657 759 panegyrim
1684 714 1843 755 chorum

337 748 506 796 misisse,
542 753 622 788 tum
658 755 827 793 carmine
862 757 947 804 ipso
977 760 1267 802 demonstratur
1295 766 1392 807 falso
1421 782 1505 809 esse
1533 773 1696 815 Eumelo
1723 779 1845 818 tribu-

338 814 434 848 tum:
474 815 562 850 ante
592 813 861 862 Terpandrum
898 822 998 859 enim
1032 836 1107 862 non
1141 831 1352 873 potuerunt
1386 842 1409 869 a
1443 839 1578 884 poeta,
1612 843 1842 886 praesertim

338 872 498 921 Dorico,
535 874 680 915 formae
715 879 912 921 adhibitae
949 896 1033 923 esse
1073 887 1229 927 dialecti
1258 892 1446 942 aeolicae,
1484 908 1647 945 quarum
1675 901 1774 941 duae
1803 905 1841 942 in

336 935 484 974 duobus
513 937 573 976 his
603 940 777 980 versibus
806 944 1053 986 inveniuntur
1081 953 1304 1001 (participia
1336 956 1374 994 in
1403 970 1491 996 οισα
1521 965 1716 1012 exeuntia)
1746 967 1842 1004 mul-

333 1001 449 1046 toque
478 1001 601 1040 minus
622 1014 695 1042 vox
715 1017 735 1043 e
764 1017 938 1047 sermone
958 1010 1153 1058 Lydorum
1183 1015 1386 1066 desumpta
1412 1021 1625 1072 (σάμβαλα)
1664 1049 1700 1053 --
1735 1029 1840 1076 quod

331 1067 596 1108 argumentum
624 1072 822 1115 acceptum
851 1071 976 1112 refero
1005 1076 1086 1115 viro
1115 1077 1336 1121 doctissimo
1365 1083 1495 1130 Diels,
1534 1099 1647 1135 quem
1682 1089 1838 1131 honoris

331 1134 447 1162 causa
474 1128 639 1165 nomino.
695 1130 886 1178 Equidem
913 1147 1140 1183 persuasum
1170 1141 1292 1181 habeo
1323 1157 1406 1185 esse
1434 1147 1504 1186 hos
1533 1161 1670 1190 versus
1700 1154 1834 1201 quinto

331 1188 484 1226 saeculo
514 1200 589 1227 non
610 1193 848 1241 antiquiores
878 1201 1075 1248 totamque
1097 1207 1357 1246 messeniacae
1376 1209 1580 1258 legationis
1600 1212 1769 1255 fabulam
1790 1229 1836 1256 eo

328 1251 500 1296 tempore
520 1252 733 1303 confictam,
765 1268 839 1304 quo
868 1259 970 1298 inter
989 1261 1205 1304 Messenios
1223 1270 1353 1315 patria
1371 1271 1554 1321 profugos
1574 1275 1836 1325 Naupactum-

328 1322 400 1357 que
420 1312 629 1355 incolentes
658 1323 774 1367 atque
795 1322 1102 1372 amphictyoniae
1129 1328 1300 1370 deliacae
1319 1335 1513 1384 principes
1533 1339 1592 1377 vel
1619 1341 1748 1388 potius
1768 1342 1834 1382 do-

325 1374 448 1412 minos
475 1375 733 1419 Athenienses
772 1388 882 1423 arcta
920 1388 1112 1428 amicitiae
1141 1395 1385 1435 necessitudo
1420 1399 1689 1441 intercederet.
1745 1406 1833 1445 Non

327 1440 429 1473 esset
457 1437 530 1476 hoc
556 1442 719 1487 primum
750 1446 809 1483 vel
837 1449 989 1487 unicum
1019 1451 1172 1492 fabulae
1199 1459 1413 1505 exemplum
1443 1472 1487 1501 eo
1517 1466 1676 1505 consilio
1705 1466 1829 1517 fictae,

324 1503 366 1535 ut
386 1502 508 1538 status
528 1513 668 1551 rerum,
699 1508 763 1554 qui
791 1510 920 1558 aliquo
951 1513 1063 1552 modo
1082 1520 1219 1562 postea
1240 1522 1462 1570 exstitisset,
1491 1526 1541 1564 ad
1560 1529 1830 1578 antiquissima

322 1564 497 1609 tempora
516 1564 718 1607 referendo
736 1573 952 1612 sanciretur
971 1574 1070 1616 falsa
1089 1580 1331 1628 antiquitatis
1353 1587 1492 1633 specie.
1523 1588 1648 1630 Multa
1667 1604 1828 1640 possum

321 1623 486 1673 adferre,
516 1628 583 1665 sed
605 1631 724 1670 verba
752 1632 888 1673 faciam
911 1639 1174 1680 tantummodo
1203 1643 1250 1681 de
1271 1646 1318 1683 iis
1339 1645 1492 1697 fabulis,
1521 1663 1620 1700 quae
1640 1654 1689 1693 ab
1708 1656 1826 1696 Athe-

320 1688 518 1727 niensibus
547 1703 592 1730 eo
621 1696 780 1735 consilio
809 1696 921 1738 fictae
951 1706 1059 1750 sunt,
1097 1709 1138 1742 ut
1166 1705 1287 1746 Delus
1316 1711 1530 1760 antiquitus
1558 1717 1679 1757 attica
1706 1718 1825 1759 fuisse

318 1750 524 1791 videretur.

421 1814 568 1860 Quibus
588 1816 728 1858 fabulis
748 1824 982 1865 narrabatur
1008 1831 1066 1874 (ut
1086 1830 1132 1869 de
1153 1833 1238 1872 aliis
1257 1836 1416 1876 minoris
1444 1843 1625 1880 momenti
1653 1846 1822 1894 taceam)

318 1878 356 1912 et
384 1875 724 1930 Erysichthonem,
755 1883 938 1935 Cecropis
966 1892 1067 1939 regis
1096 1892 1227 1943 filium,
1255 1899 1419 1945 primam
1448 1902 1636 1943 theoriam
1664 1909 1822 1948 atticam

316 1936 452 1976 Delum
473 1940 628 1982 duxisse
648 1948 909 1998 templumque
929 1952 983 1991 ibi
1003 1955 1175 2003 Apollini
1196 1959 1358 2010 dicasse,
1377 1965 1478 2004 unde
1507 1978 1702 2009 reversum
1725 1972 1819 2012 Pra-

398 2295 444 2335 27)
471 2298 577 2334 Clem.
605 2302 708 2338 Alex.
737 2305 862 2342 Strom.
890 2309 916 2354 I,
945 2322 977 2355 p.
995 2314 1063 2348 333
1088 2314 1141 2349 ed.
1168 2316 1302 2353 Potter.

400 2354 464 2397 27ἃ)
491 2356 592 2393 Dixit
617 2360 796 2405 Bergkius
828 2366 985 2409 (Griech.
1011 2370 1317 2419 Literaturgesch.
1343 2377 1395 2423 11,
1425 2390 1460 2424 p.
1487 2382 1546 2425 68)
1580 2384 1811 2423 verisimilius

307 2410 417 2445 videri
444 2412 573 2449 bellum
592 2417 659 2453 hoc
677 2419 815 2457 duabus
834 2424 888 2458 vel
906 2426 1020 2461 tribus
1040 2428 1312 2475 olympiadibus
1330 2440 1411 2479 post
1433 2441 1550 2473 ortum
1567 2449 1645 2477 esse
1661 2448 1810 2488 propter

305 2467 570 2513 Olympionicas
596 2484 613 2508 e
641 2475 823 2514 Messenia
848 2482 1034 2527 oriundos,
1068 2488 1128 2530 qui
1154 2488 1191 2523 in
1216 2490 1348 2527 tabulis
1380 2492 1426 2528 ad
1455 2497 1550 2530 10am
1576 2502 1613 2532 et
1641 2501 1728 2534 llam
1753 2502 1807 2537 Ol.

303 2524 537 2572 referrentur;
572 2531 633 2564 sed
665 2534 810 2570 credere
843 2537 926 2573 licet
951 2539 1174 2589 Messenios,
1207 2546 1290 2582 dum
1316 2548 1408 2585 bello
1433 2561 1505 2586 non
1530 2563 1640 2598 supra
1664 2556 1807 2593 modum

302 2590 558 2630 premerentur,
585 2588 812 2633 frequentare
830 2605 899 2630 non
917 2596 1098 2635 destitisse
1116 2607 1297 2639 certamen
1315 2606 1554 2652 Olympicum:
1581 2612 1712 2648 etenim
1737 2615 1804 2650 sci-

301 2648 377 2672 mus
403 2651 444 2674 ne
471 2642 590 2678 Xerxe
617 2647 759 2689 quidem
786 2654 1097 2699 appropinquante
1123 2659 1280 2697 Graecos
1306 2663 1489 2706 prohiberi
1512 2668 1691 2716 potuisse,
1717 2681 1804 2715 quo·

300 2694 415 2731 minus
440 2697 542 2734 ludos
568 2708 783 2746 spectarent.
