1979 3326
747 307 1029 348 -39-

139 447 180 474 re
209 434 466 473 demonstrari
494 433 649 481 neganti
678 432 840 470 insulam
871 433 985 470 etiam
1013 433 1053 469 in
1083 431 1232 470 dicione
1254 431 1547 469 Atheniensium
1576 430 1641 468 illo

139 510 238 538 anno
266 497 397 535 fuisse.
453 497 577 535 Aliter
614 508 676 535 res
706 508 746 534 se
781 496 898 534 habet
933 496 979 534 de
1009 496 1120 533 titulo
1150 495 1334 533 Philoclis
1364 495 1464 541 regis
1495 493 1641 532 Sidonii

141 561 359 607 honorario,
389 571 464 608 quo
494 572 516 598 a
543 561 686 608 populo
712 560 910 598 Deliorum
940 570 1083 598 corona
1111 570 1230 596 aurea
1258 563 1418 596 ornatur
1447 563 1484 596 et
1513 557 1643 595 decer-

142 625 256 670 nitur,
287 628 331 661 ut
359 622 548 661 sacrificia
576 634 646 671 pro
675 623 798 661 salute
819 623 900 660 eius
927 626 965 660 et
984 621 1071 660 Deli
1101 625 1138 659 et
1157 621 1318 659 Athenis
1348 620 1429 659 deis
1458 619 1643 665 fiantt¹²⁶)

139 698 228 725 nam
263 697 331 724 cur
364 685 536 724 Athenas
571 687 811 734 potissimum
847 686 1049 732 eligerent,
1085 686 1160 722 nisi
1194 686 1296 722 inter
1331 695 1395 722 eas
1432 685 1642 731 Delumque

141 753 250 788 arcta
277 750 393 787 etiam
421 749 666 788 necessitudo
687 748 974 787 intercederet?
1006 748 1117 796 Quod
1145 759 1235 786 vero
1258 747 1522 785 insulanorum
1543 758 1643 784 men-

138 815 192 851 tio
219 811 273 860 fit,
303 816 483 850 accurate
503 824 544 850 re
565 823 760 860 perpensa
779 812 870 849 mihi
897 812 1024 860 potius
1055 815 1189 849 contra
1211 810 1391 848 Homollii
1413 811 1640 848 sententiam

139 887 313 926 pugnare
341 875 512 921 videtur,
542 878 887 913 commemorantur
917 876 1013 912 enim
1045 875 1112 912 tali
1136 873 1260 920 modo,
1290 878 1333 911 ut
1360 877 1548 921 appareat
1568 872 1644 910 De-

140 940 216 978 lum
246 939 318 978 hoc
347 942 519 987 tempore
549 939 746 977 societatis
768 950 897 976 eorum
927 949 1001 976 non
1030 939 1105 976 iam
1134 937 1251 975 fuisse
1282 937 1522 985 participem,
1553 948 1645 984 quo-

140 1004 240 1041 niam
268 1014 339 1050 per
358 1002 620 1040 Ptolemaeum
640 1005 788 1040 tantum
817 1000 985 1040 foederis
1014 1001 1127 1039 huius
1158 1001 1346 1039 fautorem
1375 1001 1559 1048 pecunias
1591 1000 1645 1037 eis

140 1068 292 1104 mutuas
321 1065 431 1103 datas
459 1076 691 1113 recuperare
712 1069 910 1103 conantur.
956 1064 1136 1112 Opinioni
1165 1076 1272 1102 meae
1295 1064 1450 1102 obstare
1480 1063 1644 1108 videtur,

142 1127 245 1177 quod
280 1139 422 1166 corona
458 1128 639 1165 Philoclis
674 1127 906 1175 proclamari
941 1127 1095 1165 iubetur
1129 1127 1363 1174 Apollineis,
1399 1137 1474 1163 non
1509 1125 1645 1171 Deliis,

141 1202 241 1239 quae
269 1191 434 1229 maxima
461 1189 615 1228 fuerunt
642 1190 860 1236 sollemnia,
898 1190 1079 1238 quamdiu
1108 1190 1321 1237 permansit
1349 1188 1642 1227 Atheniensium

141 1254 369 1300 dominati03
397 1253 466 1291 sed
488 1254 563 1290 iam
585 1264 702 1301 supra
722 1253 889 1301 probare
910 1258 1070 1292 conatus
1098 1265 1179 1291 sum
1200 1252 1337 1290 festum
1367 1252 1646 1300 pentetericum

144 1318 266 1356 solum
296 1329 380 1355 esse
410 1317 645 1365 appellatum
677 1317 870 1354 Deliorum
902 1317 1072 1362 nomine,
1111 1320 1149 1354 et
1182 1315 1361 1354 facillime
1398 1314 1480 1353 fieri
1509 1316 1645 1363 potuit,

140 1384 184 1419 ut
210 1380 283 1419 hoc
302 1381 386 1429 ipso
407 1392 507 1418 anno
529 1380 735 1428 Apollinea
762 1380 874 1418 modo
896 1380 1198 1418 celebrarentur.
1254 1379 1433 1426 Denique
1454 1390 1529 1416 non
1550 1379 1646 1415 veri—

142 1444 265 1482 simile
295 1447 354 1482 est
381 1447 552 1492 tempore
582 1443 770 1481 Demetrii
798 1443 978 1482 Phalerei
1007 1443 1140 1481 Delios
1170 1442 1219 1481 ab
1250 1441 1552 1479 Atheniensibus
1583 1441 1647 1479 de-

145 1506 304 1553 fecisse,
340 1518 424 1545 cum
460 1508 522 1544 vix
565 1518 794 1555 quemquam
829 1507 1035 1553 haberent,
1077 1506 1126 1544 ad
1163 1517 1276 1554 quem
1311 1516 1351 1542 se
1389 1505 1646 1552 applicarent:

142 1570 289 1619 Aegaei
317 1571 415 1608 enim
444 1571 559 1608 maris
580 1571 821 1618 principatus
848 1574 950 1608 certe
980 1582 1098 1618 penes
1119 1570 1382 1608 Ptolemaeum
1413 1572 1508 1613 erat,
1528 1567 1645 1605 Athe-

144 1633 332 1672 niensium
367 1634 512 1671 socium
549 1637 587 1671 et
620 1634 799 1677 amicum;
838 1633 1146 1671 adversariorum
1183 1637 1312 1670 autem
1349 1632 1430 1669 eius
1467 1631 1647 1678 Antigoni

145 1696 408 1744 Demetriique
429 1701 560 1743 partes
581 1698 613 1734 si
634 1698 755 1735 secuti
776 1702 916 1743 essent,
943 1708 1019 1735 non
1040 1695 1321 1734 sacrificassent
1342 1695 1504 1733 Athenis
1525 1706 1648 1741 neque

144 1771 168 1797 a
205 1758 424 1797 Ptolemaeo
459 1757 653 1797 beneficiis
692 1770 737 1797 ac
777 1760 887 1797 donis
932 1764 1061 1797 essent
1103 1760 1240 1796 ornati.
1306 1759 1355 1796 Et
1392 1759 1422 1796 si
1460 1758 1560 1795 ultro
1602 1758 1648 1794 iis

145 1821 365 1860 Demetrius
406 1821 618 1860 Phalereus
666 1830 781 1871 (quae
826 1824 979 1871 quidem
1022 1822 1173 1860 videtur
1214 1822 1397 1860 Homollii
1441 1821 1648 1859 sententia)

146 1885 291 1933 templa
319 1884 626 1924 administranda
654 1886 904 1933 reddidisset,
943 1898 1011 1924 cur
1039 1890 1146 1924 tanto
1177 1885 1266 1923 odio
1297 1885 1398 1922 Delii
1426 1884 1648 1922 memoriam

150 1947 439 1986 Atheniensium
469 1950 664 1996 prosecuti
694 1954 840 1996 essent,
877 1954 919 1987 ut
946 1950 1078 1997 templi
1109 1959 1240 1986 eorum
1271 1959 1407 1984 nomen
1438 1948 1552 1984 etiam
1583 1947 1649 1983 im-

146 2011 367 2049 mutarent?
397 2011 488 2050 Mea
514 2013 630 2060 igitur
651 2013 778 2060 opinio
808 2018 866 2051 est
895 2013 1122 2061 templorum
1151 2011 1385 2049 deliacorum
1407 2009 1650 2047 administra-

146 2074 287 2112 tionem
323 2086 444 2122 usque
479 2074 528 2112 ad
558 2074 616 2113 Ol.
650 2081 739 2122 118,
773 2082 787 2114 1
820 2088 938 2124 penes
973 2076 1230 2114 Athenienses
1266 2074 1543 2122 permansisse3
1584 2072 1650 2110 sed

146 2150 263 2176 unum
297 2150 368 2187 pro
404 2142 509 2177 certo
544 2139 736 2178 affirmare
773 2141 895 2179 audeo
926 2140 1156 2178 Homollium
1195 2142 1350 2177 secutus
1380 2148 1502 2184 neque
1533 2136 1650 2172 multo

146 2204 235 2248 post
270 2200 370 2238 hunc
405 2212 543 2239 annum
581 2213 704 2250 neque
741 2206 828 2240 ante
866 2201 1052 2240 Demetrii
1090 2202 1266 2239 Phalerei
1303 2205 1479 2248 tempora
1513 2199 1648 2236 Delum

150 2263 365 2301 libertatem
396 2275 501 2302 suam
532 2275 763 2312 recuperare
793 2265 976 2312 potuisse.

254 2326 484 2375 Priusquam
505 2327 553 2366 ad
574 2340 635 2366 res
653 2327 797 2366 liberae
814 2327 1010 2365 Deliorum
1028 2326 1263 2375 reipublicae
1284 2325 1506 2363 tractandas
1529 2330 1650 2362 trans-

152 2401 247 2436 eam,
278 2400 435 2428 necesse
464 2390 615 2428 videtur
642 2402 766 2438 pauca
795 2391 861 2429 illa
894 2391 998 2427 brevi
1028 2389 1364 2437 comprehendere,
1396 2401 1492 2436 quae
1522 2388 1568 2425 de
1598 2389 1652 2424 in-

151 2453 296 2491 stitutis
333 2453 500 2491 civitatis
536 2465 665 2491 eorum
701 2458 873 2501 tempore
911 2453 1182 2490 dominationis
1219 2453 1360 2490 atticae
1398 2453 1549 2500 cognita
1588 2452 1650 2488 ha-

152 2515 296 2554 bemus.
359 2519 484 2564 Atque
520 2516 682 2554 vidimus
719 2516 991 2564 rempublicam
1031 2516 1216 2554 deliacam
1253 2516 1434 2553 habuisse
1474 2517 1539 2553 hos
1576 2527 1651 2552 ma-

150 2580 333 2627 gist-ratus
353 2581 553 2628 proprios:
583 2580 805 2618 archontem
826 2592 1006 2625 nmmum,
1035 2580 1094 2617 cui
1117 2591 1262 2616 summa
1286 2591 1412 2616 rerum
1433 2580 1514 2616 sine
1536 2578 1652 2615 dnbio

150 2642 331 2681 mandata
350 2648 455 2689 erat3
483 2643 711 2691 hieropoeos
733 2648 930 2692 quattuor,
951 2655 1112 2691 quorum
1134 2648 1214 2680 erat
1238 2643 1427 2681 sacrificia
1448 2649 1484 2679 et
1508 2644 1654 2679 maiora

244 2772 305 2817 ¹²⁶)
332 2772 423 2808 Bull.
448 2773 480 2807 d.
507 2773 604 2808 Corr.
635 2773 727 2808 Hell.
754 2773 813 2817 1v,
847 2785 879 2818 p.
907 2776 982 2808 327.
