1979 3326
766 305 1049 346 -71-

158 432 348 478 quatenus
376 428 427 468 ad
454 430 632 468 instituta
663 428 971 477 amphictyoniae
1006 428 1273 476 cognoscenda
1307 429 1421 467 utiles
1457 439 1541 467 esse
1577 439 1667 476 pos-

155 496 258 532 sunt.
298 493 361 532 Ex
387 497 554 542 utraque
574 493 838 541 impensarum
858 492 993 531 tabula
1021 492 1150 540 (primi
1174 492 1331 529 triennii
1351 496 1389 529 et
1410 492 1538 539 quarti
1558 492 1665 537 anni)

154 559 320 604 apparet
338 556 672 604 amphictyonibus
700 560 738 594 et
759 555 1052 594 Atheniensium
1084 558 1122 592 et
1145 554 1378 592 Andriorum
1410 566 1493 592 esse
1519 558 1665 593 certam

157 619 364 667 pecuniam
385 623 624 657 numeratam
645 618 694 657 ad
710 619 850 656 victum
866 617 1166 666 comparandum
1188 617 1260 662 (εἰς
1281 615 1532 667 τάπιτήδεια),
1549 622 1665 666 atque

152 680 193 719 hi
221 682 374 730 quidem
404 686 503 720 2100
531 681 587 719 dr.
617 685 862 730 acceperunt,
891 681 947 718 illi
975 682 1067 719 item
1097 685 1235 729 quarto
1266 692 1366 719 anno
1408 684 1510 725 (nam
1545 692 1661 729 pecu-

154 745 242 783 niae
270 744 396 783 tribus
431 746 542 783 annis
580 745 844 794 superioribus
880 745 928 782 iis
964 745 1113 783 solutae
1151 756 1298 782 summa
1336 748 1395 781 est
1428 745 1580 787 mutila)
1615 766 1665 771 --

153 818 231 846 una
267 818 352 845 cum
387 808 523 847 scribis
560 809 687 857 primo
716 812 754 846 et
782 807 950 846 secundo
987 812 1085 846 2658
1106 807 1243 851 dr.:⁶⁰)
1278 808 1513 845 Andriorum
1547 808 1665 855 igitur

155 871 420 920 unusquisque
450 877 524 910 420
545 871 601 909 dr.
623 872 773 919 accepit
799 893 850 898 —
877 882 965 908 nam
992 871 1109 909 alium
1136 871 1211 909 alio
1237 871 1325 919 plus
1346 871 1544 918 accepisse
1564 871 1665 908 veri-

154 934 278 972 simile
306 946 383 972 non
412 939 473 973 est
499 957 562 981 ——‚
591 945 690 983 quae
720 946 867 972 summa
888 934 1078 981 quomodo
1099 946 1184 972 cum
1206 934 1354 972 dierum
1383 945 1542 971 numero
1572 945 1662 971 con-

136 997 298 1044 -veniat,
335 1009 413 1036 non
448 999 542 1036 satis
569 998 815 1046 perspicitur.
870 997 1006 1045 Neque
1037 996 1247 1045 quidquam
1283 997 1333 1035 ad
1360 997 1461 1035 hanc
1488 1008 1569 1034 rem
1599 1008 1663 1034 ex-

115 1069 119 1072 ·
153 1059 372 1108 plicandam
401 1064 565 1108 prosunt
591 1060 776 1108 pecuniae
797 1059 1100 1097 Atheniensibus
1129 1064 1365 1106 numeratae,
1396 1060 1577 1107 quoniam
1607 1060 1661 1097 eis

152 1123 268 1161 etiam
288 1121 336 1159 τὰ
355 1122 413 1164 εἰς
435 1121 659 1173 τάπιτήδεια
678 1122 815 1160 scribis
835 1122 1021 1160 ambobus
1041 1134 1164 1170 pensa
1182 1124 1439 1160 continentur.
1491 1122 1660 1169 Quorum

149 1186 292 1234 primo,
330 1197 415 1224 cum
444 1186 578 1224 eadem
606 1185 686 1224 fere
716 1186 901 1233 dignitate
929 1189 1104 1223 uteretur
1133 1196 1209 1233 qua
1236 1186 1311 1233 ipsi
1338 1186 1599 1233 magistratus,
1630 1186 1662 1223 si

151 1247 252 1286 idem
281 1252 398 1297 atque
427 1249 760 1297 amphictyonibus
797 1249 956 1296 singulis
990 1253 1231 1287 numeratum
1261 1260 1344 1286 esse
1375 1249 1577 1295 sumimus,
1613 1248 1660 1286 de

154 1314 256 1349 2658
285 1311 363 1348 illis
392 1310 448 1348 dr.
479 1311 653 1349 deductis
683 1311 809 1349 sexies
838 1315 931 1358 420,
966 1311 1116 1348 scribae
1153 1311 1320 1349 secundo
1357 1316 1479 1350 restat
1515 1323 1661 1350 summa

154 1378 226 1412 138
246 1373 324 1421 dr.,
363 1385 462 1422 quae
489 1375 607 1412 tertia
640 1374 795 1411 circiter
828 1385 919 1421 pars
950 1377 1009 1412 est
1043 1375 1230 1421 pecuniae
1260 1375 1552 1422 magistratibus
1583 1376 1660 1412 sin-

152 1437 252 1485 gulis
280 1448 437 1485 pensae,
466 1449 590 1486 neque
619 1437 659 1475 id
687 1449 711 1475 a
729 1438 891 1475 veritate
912 1437 1107 1485 abhorret,
1138 1439 1317 1486 quoniam
1347 1437 1660 1487 ὑπογραμματεῖς

149 1512 197 1539 ex
227 1499 364 1538 infimis
393 1500 540 1539 civibus
575 1501 636 1538 vel
671 1501 785 1538 etiam
822 1512 868 1538 ex
902 1501 1094 1538 libertinis
1127 1501 1303 1539 mercede
1333 1513 1409 1539 non
1437 1502 1493 1539 ita
1520 1513 1660 1549 magna

148 1554 313 1603 cond'uci
341 1564 519 1602 solebant
545 1560 671 1612 ne’que
706 1564 834 1611 magni
868 1563 1174 1601 aestimabantur
1207 1567 1249 1600 ut
1287 1564 1458 1602 homines
1487 1565 1656 1602 venales.

149 1627 279 1675 Atque
308 1626 496 1665 mercedis
525 1626 694 1664 secundo
714 1626 803 1664 huic
823 1626 1134 1674 amphictyonum
1161 1627 1311 1664 scribae
1331 1638 1475 1674 pensae
1496 1628 1660 1675 vestigia

146 1701 225 1728 non
254 1690 350 1728 satis
378 1693 486 1728 certa
512 1688 717 1737 indagasse
751 1689 844 1726 mihi
872 1689 1024 1727 videor:
1062 1700 1140 1727 una
1175 1690 1272 1726 enim
1310 1700 1394 1727 cum
1422 1690 1592 1727 tubicine
1622 1694 1658 1727 et

147 1763 340 1801 praecone
367 1753 562 1799 minister,
596 1753 658 1789 cui
687 1752 737 1789 sit
764 1756 1006 1790 numeratum
1035 1751 1282 1800 stipendium,
1313 1752 1468 1799 quidam
1497 1764 1658 1790 comme-

146 1818 334 1862 moratur,
364 1816 473 1853 cuius
493 1826 632 1853 nomen
653 1826 738 1852 cum
767 1815 816 1853 ab
844 1813 864 1851 ὁ
893 1815 1024 1853 littera
1043 1816 1215 1862 incipiat,
1246 1817 1300 1864 τῷ
1325 1813 1657 1865 ι’)[πογραμματεῖ]

145 1877 266 1916 fuisse
297 1889 374 1916 non
402 1878 484 1915 sine
513 1879 645 1926 aliqua
672 1877 959 1925 probabilitatis
989 1879 1116 1926 specie
1147 1877 1385 1922 coniciasffl)

257 1939 338 1979 Sub
365 1939 479 1979 finem
513 1941 714 1989 utriusque
749 1941 1008 1988 impensarum
1037 1940 1194 1978 tabulae
1228 1941 1468 1988 perscriptae
1504 1945 1659 1980 exstant

146 2004 336 2052 pecuniae
366 2002 517 2042 foenori
537 2003 652 2042 datae
676 2004 838 2042 adiectis
859 2004 1074 2042 debitorum
1095 2003 1384 2050 nominibus,62)
1414 2015 1511 2052 quae
1533 2016 1656 2052 neque

149 2067 322 2115 singulae
351 2079 475 2115 neque
513 2069 715 2106 universae
753 2071 920 2116 quantae
956 2066 1098 2105 fuerint
1133 2067 1270 2115 dispici
1299 2072 1447 2115 potest;
1482 2067 1550 2105 sed
1578 2079 1658 2106 ma-

145 2129 241 2168 ioris
278 2132 337 2168 est
373 2130 574 2177 momenti,
610 2129 712 2178 quod
747 2130 794 2168 de
822 2128 988 2168 formula
1023 2129 1112 2167 huic
1140 2130 1242 2168 tituli
1277 2131 1379 2178 parti
1413 2132 1657 2179 praescripta

149 2193 244 2231 satis
271 2192 393 2231 multa
423 2197 643 2241 supersunt,
672 2197 715 2231 ut
742 2193 884 2232 tabulis
918 2194 1019 2230 inter
1052 2204 1092 2231 se
1121 2193 1272 2231 collatis
1301 2198 1409 2231 certa
1438 2194 1587 2231 ratione
1617 2194 1656 2230 in

145 2255 336 2303 integrum
379 2256 534 2294 restitui
574 2257 699 2304 possit
739 2259 798 2301 (ut
836 2267 954 2304 supra
990 2257 1064 2293 iam
1099 2257 1228 2298 attuli)
1270 2256 1371 2294 hunc
1405 2257 1444 2294 in
1482 2256 1653 2294 modum:

148 2315 277 2360 τοῖςὸε
305 2314 560 2367 ἐδανείσαμεν
588 2315 647 2354 ἐπὶ
677 2320 760 2360 ταῖς
788 2315 921 2360 αὐταῖς
955 2317 1170 2368 συνθήκαις
1198 2317 1378 2368 καθάπερ
1408 2318 1445 2355 υἱ
1472 2317 1578 2355 ἄλλοι
1608 2318 1655 2355 τὰ

149 2377 236 2429 ἱερὰ
261 2378 446 2431 χρήματα
474 2380 544 2417 τοῦ
573 2378 801 2422 Ἀπόλλωνος
836 2381 903 2417 τοῦ
933 2379 1068 2431 Δηλίου
1096 2379 1388 2431 ὃεὸανεισμένοι
1416 2381 1521 2418 εἰσίν.
1578 2382 1654 2421 Ubi

148 2440 350 2493 συνθήκας
378 2454 509 2482 vocem
538 2455 614 2482 non
642 2445 696 2482 ita
735 2455 820 2482 esse
849 2444 1145 2492 intellegendam
1175 2444 1310 2491 credo,
1339 2448 1381 2481 ut
1410 2444 1654 2482 condiciones

151 2503 341 2554 significet
367 2505 416 2544 ab
444 2506 778 2554 amphictyonibus
807 2507 866 2544 vel
895 2506 944 2544 ab
971 2507 1056 2545 aliis
1077 2507 1366 2555 magistratibus
1394 2507 1443 2545 ad
1465 2519 1573 2545 suum
1594 2518 1654 2545 ar-

145 2568 313 2607 bitrium
341 2570 591 2615 constitutas,
628 2569 696 2607 sed
723 2569 845 2617 legem
874 2574 1038 2616 certam,
1073 2571 1182 2608 cuius
1211 2581 1400 2617 normam,
1436 2572 1653 2618 quicunque

233 2705 283 2748 ⁶⁰)
306 2703 360 2740 M.
386 2703 525 2740 Sandw.
551 2703 676 2750 fragm.
694 2705 728 2750 b,
753 2704 814 2740 lin.
832 2707 853 2741 8
879 2710 915 2740 et
937 2707 993 2741 33.
1133 2706 1178 2751 ⁶1)
1203 2706 1292 2742 Ibid.
1318 2706 1379 2741 lin.
1398 2708 1451 2741 28.

235 2761 280 2807 θ’)
304 2761 395 2798 Ibid.
420 2762 481 2797 lin.
505 2765 637 2798 10-14
662 2768 698 2797 et
721 2762 781 2798 1111.
799 2764 843 2798 37
858 2773 934 2807 sqq.
