1979 3326
779 307 1062 349 —93—

167 431 254 469 Deli
289 436 399 471 eruta
432 432 480 471 ab
521 432 711 470 Homollio
755 436 792 470 et
826 432 1033 470 Hauvettio
1075 433 1249 481 inprimis
1292 434 1434 481 publici
1480 435 1576 473 iuris
1615 439 1674 472 est

168 493 321 538 factast)

274 558 376 596 Inita
404 562 462 596 est
491 558 586 596 haec
615 560 779 597 societas
809 559 856 597 ab
890 560 1076 598 insulanis
1107 564 1209 597 certe
1238 572 1312 598 non
1343 566 1431 599 ante
1460 561 1671 599 Alexandri

170 620 301 669 Magni
332 625 504 668 mortem,
536 633 610 669 quo
639 625 810 670 tempore
838 623 938 660 inter
959 622 1231 661 diadochorum
1263 625 1476 662 simultates
1506 624 1671 663 foederis

171 684 273 722 illius
309 685 474 733 antiqui,
514 685 615 733 quod
651 685 721 723 sub
757 685 1045 723 Atheniensium
1082 688 1300 734 principatu
1339 687 1396 724 bis
1440 689 1571 734 ictum,
1615 689 1672 726 bis

174 750 327 795 ruptum
359 760 424 786 eos
452 760 522 796 per
542 748 616 786 duo
645 748 726 787 fere
755 749 910 787 saecula
938 748 1161 787 defenderat
1191 754 1229 787 et
1257 761 1279 788 a
1306 751 1495 788 latronum
1526 753 1671 799 rapinis

174 821 326 858 semper
352 821 456 848 mare
478 810 671 858 Aegaeum
694 809 955 848 infestantium
987 815 1025 849 et
1053 811 1100 849 ab
1131 816 1349 850 exterarum
1377 814 1571 851 civitatum
1601 815 1672 851 ini-

173 873 344 920 micitiis,
372 873 609 911 consuetudo
643 873 768 911 effecit
801 878 844 911 ut
879 878 1129 922 quaererent,
1159 875 1208 913 ad
1238 887 1348 923 quem
1379 888 1419 913 se
1449 876 1576 914 denuo
1605 889 1672 925 ap-

169 937 360 984 plicarent
385 935 576 974 libertatis
604 937 812 974 insularum
843 937 1132 985 recuperandae
1155 942 1192 975 et
1218 939 1325 986 pacis
1345 939 1511 978 tuendae
1535 951 1669 978 causa:

171 997 277 1041 ὅπως
304 996 399 1036 ἐῶσι
428 997 520 1041 τοὺς
539 995 720 1049 Ἕλληνας
747 998 984 1050 ἐλευθέρους
1012 999 1076 1036 καὶ
1104 998 1348 1051 αὐτονόμους
1374 1000 1537 1054 ἡσυχίαν
1565 1001 1671 1054 ἄγειν

168 1060 235 1113 τὴν
260 1060 399 1113 χώραν
427 1057 590 1113 ἔχοντες
623 1060 664 1098 ἐν
695 1061 847 1112 βεβαίῳ
877 1061 942 1113 τὴν
970 1061 1133 1110 ἑαυτῶν,
1169 1068 1212 1101 ut
1240 1065 1423 1112 scriptum
1459 1066 1599 1113 legitur
1632 1068 1671 1104 in

169 1125 397 1163 documento
426 1126 637 1173 notissimo,
668 1138 742 1174 quo
763 1125 898 1164 foedus
919 1127 1245 1165 attico—deliacum
1275 1128 1439 1167 alterum
1460 1130 1669 1169 Nausinico

167 1189 352 1227 archonte
393 1193 546 1237 pactum
584 1188 694 1232 est.³)
757 1189 1047 1227 Atheniensium
1091 1194 1217 1228 autem
1260 1192 1405 1230 viribus
1447 1193 1668 1242 longinqua,

167 1263 279 1300 quam
309 1256 446 1290 contra
465 1251 722 1290 Macedonum
750 1253 1009 1300 principatum
1039 1254 1304 1292 sustinuerant
1333 1257 1576 1295 contentione
1606 1269 1669 1295 ex-

164 1314 337 1362 haustis,
366 1315 472 1353 nulla
500 1315 574 1353 iam
605 1319 688 1353 erat
716 1317 851 1354 civitas
881 1317 1004 1354 classe
1033 1318 1128 1355 satis
1157 1321 1293 1365 potens
1324 1330 1444 1367 eaque
1474 1320 1595 1358 libera
1624 1332 1669 1358 ac

167 1378 310 1415 nullius
339 1378 440 1426 regis
469 1378 608 1416 dicioni
639 1378 816 1426 obnoxia,
855 1379 955 1417 unde
985 1380 1166 1418 auxilium
1197 1382 1510 1432 praesidiumque
1539 1385 1668 1422 multis

165 1441 335 1489 undique
364 1440 647 1480 imminentibus
676 1443 859 1489 periculis
889 1447 1102 1490 sperarent,
1131 1448 1288 1491 praeter
1308 1446 1544 1484 Rhodiorum
1571 1459 1668 1485 rem-

164 1505 377 1553 publicam,
415 1507 523 1544 cuius
557 1507 754 1554 potentiae
791 1510 829 1544 et
863 1507 1007 1554 gloriae
1043 1518 1204 1555 magnus
1241 1514 1459 1548 accesserat
1495 1511 1667 1548 cumulus

163 1568 343 1607 libertate
373 1572 508 1607 contra
537 1569 721 1608 Demetrii
751 1581 858 1608 arma
885 1569 1155 1619 fortunamque
1193 1570 1361 1610 defensa.
1419 1573 1468 1611 Et
1498 1573 1599 1621 quod
1629 1574 1667 1611 hi

166 1642 189 1669 a
217 1631 313 1669 duce
341 1632 407 1670 illo
437 1632 648 1671 clarissimo
684 1632 858 1681 flagitare
894 1635 977 1672 ausi
1013 1639 1101 1671 sunt
1136 1635 1251 1673 nullis
1288 1636 1369 1674 eius
1399 1637 1510 1674 minis
1540 1637 1665 1675 deter-

164 1695 227 1732 riti
257 1699 293 1733 et
326 1696 583 1743 impetrarunt
617 1696 801 1734 diuturna
835 1697 1034 1735 obsidione
1070 1709 1146 1735 non
1174 1696 1305 1745 fracti,
1343 1704 1385 1737 ut
1421 1700 1555 1738 liceret
1592 1700 1665 1738 sibi

161 1759 327 1796 omnium
356 1770 487 1807 regum
516 1760 665 1807 pariter
699 1761 840 1798 amicos
876 1772 960 1799 esse
989 1761 1208 1809 nulliusque
1237 1763 1424 1800 societate
1453 1764 1522 1801 tali
1551 1764 1662 1802 modo

161 1821 360 1870 obstringi,
389 1826 432 1860 ut
459 1827 596 1861 contra
624 1822 869 1862 adversarios
899 1824 980 1861 eius
1010 1835 1117 1862 arma
1144 1823 1292 1863 ferrent
1320 1826 1533 1874 alienisque
1564 1838 1664 1864 com-

160 1884 283 1923 modis
312 1886 566 1924 inservientes
595 1887 674 1924 suis
703 1887 874 1935 ipsorum
909 1887 1025 1925 rebus
1054 1888 1234 1926 damnum
1264 1888 1443 1926 afferrent
1473 1900 1519 1926 ac
1548 1889 1662 1927 detri-

160 1951 327 1985 mentum
358 1948 473 1987 —id
507 1950 632 1998 ipsum
668 1954 820 1988 ceterae
857 1962 1009 1999 quoque
1045 1951 1190 1999 Aegaei
1226 1953 1343 1990 maris
1379 1953 1554 1991 civitates
1591 1954 1663 1992 sibi

158 2015 201 2049 ut
237 2013 417 2060 optimam
454 2018 738 2061 proposuerant
774 2015 830 2052 rei
866 2014 1056 2062 gerendae
1094 2015 1281 2053 rationem
1319 2017 1495 2063 omnique
1532 2018 1660 2056 studio

158 2075 401 2123 expetebant.

262 2137 338 2177 Sed
366 2143 492 2177 utrum
522 2141 597 2178 iam
628 2144 715 2179 ante
745 2142 847 2180 illam
876 2141 1117 2180 obsidionem
1147 2143 1295 2191 aliquot
1323 2143 1471 2181 insulae
1492 2143 1661 2182 Rhodio·

158 2212 240 2239 rum
280 2205 412 2250 partes
448 2207 603 2242 secutae
641 2205 735 2251 sint,
771 2216 819 2242 an
854 2206 955 2243 inter
990 2218 1030 2243 se
1065 2210 1214 2244 tantum
1250 2206 1434 2254 parvulae
1470 2207 1659 2255 quaedam

157 2263 352 2313 civitates,
388 2267 562 2315 inprimis
597 2267 686 2305 illae
721 2269 759 2304 in
796 2267 1027 2315 Cycladibus
1064 2269 1161 2307 sitae
1197 2270 1418 2307 societatem
1453 2270 1660 2318 iunxerint,

159 2327 332 2376 dignosci
360 2330 423 2367 vix
442 2334 572 2378 potest
600 2342 723 2379 neque
752 2331 910 2369 multum
937 2333 1110 2378 interest,
1133 2343 1216 2370 cum
1241 2344 1311 2380 pro
1340 2338 1446 2371 certo
1467 2333 1660 2373 affirmare

160 2391 276 2430 liceat
303 2396 391 2430 aute
420 2393 492 2432 hoc
520 2398 670 2442 tempus
690 2406 834 2442 paucas
854 2396 1059 2434 admodum
1087 2396 1203 2435 urbes
1224 2399 1420 2436 societatis
1449 2400 1659 2447 participes

244 2534 272 2579 ²)
297 2534 460 2570 Homolle
487 2536 542 2570 »la
568 2536 835 2572 confederation
862 2537 924 2573 des
943 2538 1115 2582 Cyclades
1141 2549 1187 2573 au
1206 2539 1256 2573 III
1275 2539 1382 2574 siecle
1409 2550 1461 2574 av.
1479 2540 1516 2575 J.
1534 2541 1654 2575 Chrs:

154 2591 245 2627 Bull.
271 2592 303 2627 d.
331 2593 428 2628 Corr.
454 2593 545 2628 Hell.
573 2594 639 2639 IV,
667 2606 699 2639 p.
724 2597 793 2630 320
806 2606 882 2639 sqq.
933 2595 1303 2631 Hauvette-Besnault
1334 2598 1588 2641 »Inscriptions
1614 2598 1657 2632 de

154 2649 302 2685 Delosaz
329 2650 421 2686 Bull.
447 2651 479 2686 d.
507 2652 602 2687 Corr.
631 2652 722 2688 Hell.
750 2653 828 2697 vll,
856 2665 888 2698 p.
906 2658 1016 2698 5sqq.
1059 2654 1248 2689 Durrbach
1276 2655 1447 2690 »Decrets
1472 2655 1519 2689 du
1546 2656 1594 2689 111
1623 2662 1657 2690 et

154 2707 185 2742 11
212 2708 338 2744 siecles
363 2710 506 2745 trouves
532 2710 554 2744 a
579 2710 724 2745 Delosa:
752 2711 844 2746 Bull.
871 2711 902 2746 d.
931 2712 1027 2747 Corr.
1057 2712 1148 2747 nell.
1177 2713 1219 2750 X,
1246 2724 1278 2756 p.
1309 2716 1371 2747 102
1386 2724 1461 2757 sqq.

244 2765 271 2812 ³)
297 2765 333 2801 C.
349 2766 374 2801 1.
390 2768 431 2802 A.
458 2767 502 2812 II,
525 2769 574 2803 17.
601 2767 800 2804 lime—12.
