1957 3293
1035 321 1115 360 :³44
1176 343 1229 350 „-

421 447 474 478 ad
502 455 595 487 pag.
615 448 716 479 200.
762 445 891 478 Errore
917 454 994 478 meo
1020 444 1152 478 factum
1179 449 1243 486 est,
1269 449 1307 478 ut
1333 443 1367 478 in
1393 443 1644 478 enumerandis
1670 442 1827 478 Athena-

334 512 409 535 rum
429 499 584 534 civitatis
603 499 844 543 archontibus,
871 499 930 543 qui
951 499 985 534 in
1013 499 1126 534 titulis
1151 499 1298 534 deliacis
1323 505 1523 543 occurrunt,
1543 499 1828 535 Aristaechmum

331 557 461 601 ignotis
486 556 603 591 adhuc
628 556 914 591 aduumerarem:
941 567 1013 600 qua
1037 556 1080 591 de
1105 567 1143 590 re.
1169 556 1231 591 cfr.
1258 556 1492 601 appendicem
1517 557 1678 601 primam.

420 615 473 647 ad
499 623 593 656 pag.
613 616 716 654 201,
752 621 837 647 not.
856 615 928 647 94.
979 611 1232 655 Athenionem,
1266 613 1326 656 qui
1358 612 1394 647 in
1427 613 1531 648 titulo
1562 613 1657 658 apud
1690 613 1828 649 Ditten-

331 672 516 714 berger-um
542 670 642 712 (SIG.
662 680 716 704 no.
734 672 813 713 383)
830 669 962 704 archon
981 669 1195 714 appellatur,
1221 670 1295 704 dixi
1313 670 1475 715 Dionysii
1492 670 1616 716 filium,
1641 671 1707 706 viri
1722 671 1829 706 huius

331 727 525 763 doctissimi
563 727 773 762 sententiam
813 734 954 762 secutus
992 738 1055 772 pro
1094 728 1310 762 »Διυνόσυυα
1353 727 1462 772 (quod
1493 727 1528 763 in
1560 728 1680 773 lapide
1712 733 1830 764 exstat

332 786 517 831 <criptum
548 785 754 829 reponentis
783 786 1027 819 »Διηνυσίουιις
1059 784 1223 829 equidem
1249 795 1364 828 neque
1389 795 1510 820 vocem
1534 785 1627 821 hanc
1650 785 1828 830 corrigen-

331 843 412 878 dam
443 848 528 887 puto
556 853 670 885 neque
696 842 910 876 Athenionis
935 852 1061 876 nomen
1087 847 1273 886 paternum
1299 851 1492 885 agnoscere
1518 852 1672 887 possum,
1697 842 1759 878 sed
1783 842 1828 877 ad

333 899 580 944 »κανηφόρονα
602 909 721 933 vocem
739 899 872 932 refero:
900 898 1041 932 Baccho
1059 904 1154 932 certe
1180 897 1348 941 apparuit
1367 898 1464 941 virgo
1482 909 1596 944 neque
1621 898 1677 935 dei
1703 910 1829 936 nomen

333 956 404 991 ullo
422 955 524 990 modo
544 955 655 990 omitti
677 955 802 999 potuit,
828 955 989 990 archonti
1021 961 1140 990 autem
1165 965 1291 990 nomen
1317 962 1504 1000 paternum
1528 957 1707 992 adiectum
1730 967 1829 1002 pror-

333 1024 392 1049 sus
415 1013 594 1058 singulare
613 1020 718 1058 esset,
743 1014 844 1048 cuius
862 1013 913 1048 rei
933 1024 1041 1048 uuum
1066 1014 1308 1049 tantummodo
1334 1016 1535 1059 exemplum
1561 1019 1616 1050 est
1640 1020 1760 1050 notum
1786 1034 1830 1040 —

334 1072 391 1104 ἐπὶ
416 1071 628 1114 Λυσάνδρου
653 1073 717 1104 τυῦ
737 1071 959 1116 Ἀπολήξιδος
984 1069 1161 1117 ἄρχοντος
1186 1072 1288 1116 (CIA.
1306 1072 1352 1113 II,
1377 1073 1488 1118 489¹›).

422 1131 476 1163 ad
501 1138 594 1170 cap.
615 1131 794 1162 Iv—VI.
844 1128 1126 1172 Hieropoeorum
1149 1128 1307 1164 rationes
1332 1129 1450 1164 notavi
1474 1129 1655 1165 archontis
1678 1129 1831 1174 nomine,

333 1185 435 1220 cuius
452 1194 545 1219 anuo
564 1191 644 1219 sunt
661 1186 896 1230 conscriptae,
914 1186 1081 1220 Homollii
1100 1185 1300 1230 exemplum
1319 1192 1479 1231 secutus,
1504 1186 1566 1222 sed
1583 1197 1663 1222 cum
1679 1187 1733 1222 vir
1749 1186 1831 1222 doc·

334 1242 492 1277 tissimus
529 1241 572 1276 de
605 1243 826 1286 quarundam
857 1250 1015 1288 tempore
1047 1243 1260 1278 sententiam
1292 1253 1391 1278 suam
1424 1244 1663 1289 immutasset,
1697 1244 1830 1280 factum

334 1304 399 1342 est,
430 1304 470 1333 ut
493 1299 528 1333 in
555 1299 680 1333 harum
704 1299 882 1334 rationum
907 1299 1080 1344 catalogo,
1105 1310 1210 1343 quem
1235 1299 1324 1334 libro
1351 1309 1414 1334 suo
1442 1300 1654 1336 »Archives«
1681 1305 1748 1335 etc.
1779 1299 1831 1335 in-

333 1357 466 1402 scripto
495 1356 627 1392 adiecit
652 1357 687 1392 iu
713 1357 910 1402 appendice
936 1358 1102 1403 secunda,
1134 1369 1202 1393 non
1229 1369 1349 1394 omnes
1374 1358 1600 1394 inveniantur
1623 1367 1831 1393 commemo-

334 1419 434 1449 ratae
452 1414 546 1459 illae,
573 1425 661 1458 quas
679 1415 822 1460 saepius
840 1415 1034 1460 appellavit
1051 1415 1086 1450 in
1105 1415 1416 1452 dissertationibus
1440 1416 1515 1451 suis
1540 1420 1647 1450 antea
1670 1415 1830 1460 scriptis:

335 1471 585 1507 desiderantur
609 1482 697 1516 quas
724 1472 769 1507 ad
795 1472 1035 1517 Auatharchi,
1063 1473 1219 1518 Scylaci,
1251 1473 1365 1509 Sosici
1390 1473 1601 1509 archontum
1625 1482 1737 1509 annos
1761 1477 1830 1508 ret-

334 1529 417 1564 tulit
437 1530 605 1573 rationes,
631 1541 745 1574 neque
770 1530 986 1574 investigare
1011 1531 1105 1575 licet,
1131 1542 1210 1567 cum
1236 1532 1330 1567 tituli
1355 1531 1511 1567 nondum
1535 1530 1622 1566 editi
1647 1529 1730 1575 sint,
1754 1529 1831 1574 qui-

335 1587 401 1622 bus
432 1598 525 1621 nunc
557 1587 659 1622 annis
690 1587 734 1622 ab
760 1598 801 1622 eo
827 1588 1030 1623 tribuantur
1054 1589 1183 1627 (Sosici
1209 1589 1253 1624 ad
1278 1589 1444 1634 Bulonis,
1476 1587 1615 1633 Scylaci
1640 1587 1685 1622 ad
1709 1586 1831 1622 Mene·

334 1644 441 1679 thalis
467 1644 676 1678 archontum
702 1654 814 1679 anuos
840 1645 1063 1679 translatae?
1089 1645 1132 1680 cf.
1161 1645 1387 1690 »Arcliives‚«
1415 1656 1496 1691 pag.
1517 1646 1725 1688 132—133,
1749 1643 1831 1678 LIV

334 1708 369 1737 et
385 1701 491 1743 LVI).
533 1701 650 1745 Quare
669 1702 849 1746 reputanti
873 1702 959 1736 mihi
985 1702 1155 1747 optimum
1182 1708 1237 1738 est
1261 1703 1375 1738 visum
1399 1702 1617 1738 notationem
1643 1701 1831 1746 pristinam

334 1770 487 1803 servare,
511 1769 554 1793 ne
581 1759 614 1793 in
642 1759 793 1794 maiores
819 1759 925 1794 etiam
952 1769 1089 1794 errores
1114 1759 1317 1795 inciderem.

424 1819 478 1851 ad
504 1827 598 1859 cap.
617 1820 714 1851 VII.
756 1817 794 1851 In
816 1818 989 1862 ἀπαρχῶν
1007 1817 1129 1852 tabula
1153 1817 1256 1862 (CIA.
1274 1817 1320 1862 11,
1344 1818 1423 1862 985)
1447 1816 1684 1860 fragmentum
1701 1818 1728 1852 G
1752 1816 1830 1852 loco

335 1874 365 1908 ei
402 1874 447 1909 ab
472 1874 720 1919 Eustratiade,
755 1874 882 1909 deiude
908 1875 1086 1911 Ix'oehlero
1119 1875 1252 1910 tributo
1284 1873 1494 1910 movendum
1525 1873 1648 1919 putavi
1679 1878 1715 1909 et
1738 1873 1832 1909 iuter

334 1930 456 1973 fragm.
476 1930 506 1965 D
533 1936 569 1965 et
594 1931 624 1965 Ε
652 1931 770 1975 posui,
805 1931 889 1975 quia
923 1931 959 1965 in
992 1942 1033 1966 eo
1059 1931 1248 1976 epimeleta
1273 1931 1417 1976 quidam
1441 1931 1645 1976 appellatur
1669 1930 1712 1970 ἐξ
1737 1930 1831 1969 Οἴου,

334 1998 413 2022 eum
431 1987 555 2022 Procle
573 1987 754 2031 archonte,
781 1988 882 2023 cuius
899 1988 944 2023 ad
967 1998 1098 2023 aunum
1123 1988 1355 2033 referebatur,
1379 1988 1560 2032 cognitum
1584 1998 1678 2023 nunc
1703 1987 1751 2022 sit
1773 1997 1832 2023 cu-

335 2045 463 2080 ratoris
494 2056 638 2080 munere
665 2057 742 2080 esse
769 2046 928 2080 functum
954 2045 1165 2090 Polyclitum
1191 2045 1409 2090 Phlyasium.
1458 2045 1560 2080 Hanc
1585 2043 1831 2080 difficultatem

336 2102 404 2136 iam
437 2101 635 2137 llomollius
667 2102 934 2148 animadvertit,
969 2104 1030 2138 sed
1065 2103 1127 2138 tali
1159 2103 1296 2138 ratione
1323 2102 1491 2148 expedire
1516 2107 1665 2138 conatus
1690 2107 1761 2147 est,
1793 2107 1834 2137 ut

335 2159 546 2204 Polyclitum
570 2165 712 2203 putaret.
738 2160 984 2204 magistratum
1009 2161 1206 2195 suffectum.
1248 2159 1423 2204 Eq11idem
1448 2159 1541 2195 hanc
1566 2158 1738 2195 medelam
1762 2168 1831 2193 non

335 2216 572 2251 adhibendam
592 2222 676 2260 puto
694 2216 761 2251 nisi
781 2227 916 2251 summa
941 2222 1088 2261 cogente
1115 2216 1341 2261 necessitate,
1364 2226 1456 2261 quae
1481 2215 1541 2252 hic
1564 2215 1663 2251 nulla
1686 2219 1833 2259 est,eum

334 2273 422 2308 nihil
449 2272 637 2318 prohibeat
662 2272 896 2316 fragmentum
914 2273 941 2308 C
965 2273 1009 2307 ad
1036 2273 1144 2308 alium
1170 2273 1285 2308 locum
1309 2272 1515 2317 transferre,
1539 2271 1576 2307 id
1601 2271 1694 2317 quod
1718 2271 1798 2308 feci.
