1979 3326
888 548 982 603 IV.

289 659 538 696 Pervenimus
567 669 667 694 nunc
700 657 748 694 ad
776 659 950 703 tempora
983 656 1148 693 civitatis
1177 655 1376 692 Deliorum
1412 653 1687 701 prosperrima,

187 734 272 760 cum
301 721 401 759 domi
435 721 515 758 suis
549 719 696 768 legibus
731 718 1096 766 magistratibusque
1131 717 1330 761 utebatur,
1367 714 1460 754 foris
1499 726 1522 752 a
1555 719 1688 762 poten-

186 786 333 823 tissimo
362 795 514 832 quoque
543 782 742 820 colebatur
770 781 925 829 regibus
950 781 1201 829 dynastisque
1223 791 1267 817 eo
1288 779 1336 817 ad
1357 778 1456 816 festa
1476 778 1688 824 legat-iones

188 859 318 887 sacras
353 845 592 884 mittentibus
629 848 666 882 et
701 844 802 882 dona
837 855 921 881 cum
957 845 1128 891 ipsorum
1165 842 1301 890 opibus
1339 846 1418 879 tum
1463 840 1522 878 dei
1565 840 1689 887 gloria

188 911 314 958 digna.
371 908 447 947 Sed
475 921 522 946 ne
550 908 640 945 huic
667 907 859 944 libertatis
888 906 1123 944 Graecorum
1155 906 1329 953 specioso
1359 904 1500 942 nomini
1532 904 1688 940 nimium

189 974 415 1016 tribuamus,
446 963 654 1010 cavendum
684 974 752 1007 est.
799 970 989 1007 Auctores
1018 970 1098 1006 eius
1128 968 1280 1006 fuerant
1310 972 1347 1005 et
1367 968 1582 1014 Antigonus
1604 977 1687 1003 cum

191 1037 386 1075 Demetrio
421 1034 499 1073 filio
537 1038 575 1072 et
608 1033 852 1070 Ptolemaeus
885 1032 979 1080 Lagi
1016 1033 1185 1080 sociique
1222 1032 1303 1069 eius
1339 1042 1414 1069 non
1448 1035 1525 1067 tam
1561 1029 1688 1067 studio

191 1101 427 1139 Graecorum
457 1098 573 1143 ducti,
603 1108 716 1145 quam
746 1097 914 1143 ipsorum
940 1096 1135 1143 potentiae
1157 1095 1355 1142 augendae
1376 1095 1517 1141 gratia:
1547 1093 1688 1131 liberos

188 1174 300 1211 quam
330 1163 368 1200 in
398 1161 609 1200 adversarii
639 1160 696 1197 sui
725 1163 918 1207 potestate
949 1170 1014 1196 eos
1044 1171 1126 1196 esse
1155 1157 1322 1196 malebat
1354 1158 1617 1205 unusquisque
1653 1160 1690 1194 et

187 1226 404 1264 libertatem
432 1225 478 1262 iis
508 1223 743 1262 concedebat
770 1223 846 1268 ita,
882 1226 925 1259 ut
954 1234 998 1260 ea
1027 1221 1234 1259 secundum
1271 1232 1340 1258 sua
1374 1221 1495 1268 ipsius
1530 1220 1690 1257 consilia

187 1291 400 1334 uterentur,
432 1291 470 1325 et
496 1287 594 1324 male
623 1286 730 1324 abuti
756 1297 820 1322 eos
849 1284 1043 1331 credebat,
1066 1286 1096 1322 si
1126 1285 1204 1322 suis
1225 1283 1431 1322 commodis
1459 1284 1583 1320 minus
1612 1294 1690 1320 ser-

189 1352 314 1388 virent
332 1351 532 1398 minusque
553 1349 655 1387 dicto
677 1351 807 1386 essent
827 1348 1026 1385 audientes
1081 1347 1209 1385 Testis
1239 1348 1378 1384 misera
1398 1346 1688 1384 Atheniensium

187 1413 358 1452 fortuna!
405 1413 553 1451 Parvae
583 1411 734 1460 quidem
764 1411 958 1456 civitates,
993 1411 1066 1448 nisi
1095 1410 1197 1448 bella
1225 1411 1263 1447 in
1293 1421 1422 1448 eorum
1451 1414 1556 1447 terra
1584 1420 1690 1456 gere-

188 1476 346 1523 bantur,
382 1476 506 1513 minus
536 1475 650 1512 variis
680 1473 857 1512 fortunae
887 1473 1040 1511 casibus
1070 1472 1358 1520 affligebantur,
1394 1484 1478 1510 cum
1508 1484 1527 1509 e
1557 1471 1690 1509 debili—

188 1544 268 1578 tate
304 1551 373 1577 sua
407 1543 446 1577 et
478 1539 689 1586 potentium
726 1541 947 1584 contemptu
982 1537 1068 1584 plus
1105 1540 1288 1583 caperent
1324 1536 1542 1573 securitatis
1578 1546 1689 1583 quam

187 1603 362 1640 civitates
392 1601 528 1649 opibus
557 1601 765 1649 pollentes,
802 1601 944 1648 quippe
973 1611 1090 1647 quae,
1127 1610 1210 1636 cum
1241 1604 1278 1636 et
1313 1598 1474 1636 nocendi
1511 1603 1548 1636 et
1584 1598 1691 1636 adiu-

190 1665 303 1703 vandi
332 1665 519 1704 haberent
545 1665 726 1702 maiorem
756 1668 998 1712 potestatem,
1029 1675 1161 1710 regum
1190 1663 1439 1710 cupiditatem
1467 1663 1587 1709 magis
1608 1662 1690 1699 alli-

193 1731 336 1767 cerent.
384 1728 491 1775 Quae
519 1739 581 1765 res
601 1727 689 1766 Deli
719 1739 869 1775 quoque
898 1727 1046 1765 insulae
1075 1727 1246 1764 libertati
1275 1738 1387 1773 quam
1417 1727 1578 1764 maxime
1605 1737 1692 1772 pro-

192 1790 274 1829 fuit.
319 1791 419 1838 Quid
448 1792 546 1829 enim
574 1791 633 1828 his
660 1791 909 1838 temporibus,
939 1790 1076 1838 quibus
1103 1790 1344 1827 incredibilia
1369 1793 1484 1836 atque
1513 1789 1693 1825 immania

192 1852 304 1891 modo
340 1853 630 1890 admirationem
668 1852 872 1896 haberent,
909 1864 993 1889 cum
1028 1864 1103 1889 uno
1139 1852 1200 1890 die
1236 1851 1282 1889 de
1318 1863 1540 1899 magnorum
1577 1862 1691 1897 saepe

190 1927 393 1963 regnorum
422 1914 577 1953 fortuna
605 1915 894 1961 decerneretur,
931 1916 1128 1963 parvulam
1157 1915 1256 1952 hanc
1291 1916 1455 1953 insulam
1489 1914 1690 1962 possidere

193 1978 254 2016 vel
281 1979 414 2026 templi
441 1980 625 2026 pecunias
653 1980 691 2015 in
721 1991 829 2016 suum
858 1990 967 2016 usum
996 1983 1219 2016 convertere
1240 1990 1382 2026 regum.
1414 1979 1477 2026 qui
1500 1978 1691 2025 Europae,

197 2042 331 2088 Asiae,
367 2042 533 2090 Aegypti
566 2043 629 2080 vix
664 2048 792 2081 essent
827 2044 995 2080 contenti
1032 2043 1168 2090 opibus
1204 2043 1443 2090 divitiisque,
1479 2043 1691 2079 intererat?

194 2104 370 2153 Denique
400 2110 486 2152 post
505 2117 642 2153 magna
663 2106 728 2143 illa
757 2105 1042 2152 diadochorum,
1072 2107 1136 2153 qui
1165 2107 1423 2153 appellantur.
1455 2105 1555 2142 bella
1584 2105 1692 2141 initio

195 2168 339 2207 saeculi
367 2169 471 2206 tertii
498 2167 607 2206 finita
636 2172 672 2206 et
693 2169 902 2206 constituta
923 2168 1187 2211 Macedoniae,
1216 2168 1361 2216 Syriae,
1389 2169 1555 2216 Aegypti
1576 2179 1692 2212 regna

195 2242 300 2269 mare
320 2232 528 2279 Aegaeum,
558 2232 667 2279 quasi
694 2232 733 2268 in
763 2231 887 2269 medio
917 2233 1028 2268 situm
1050 2232 1301 2279 omnibusque
1322 2243 1519 2270 commune
1540 2236 1694 2278 praeter

191 2295 337 2332 insulas
367 2293 550 2343 quasdam
581 2294 741 2342 singulis
770 2293 1005 2339 adiacentes,
1033 2294 1072 2330 in
1101 2294 1242 2331 nullius
1271 2298 1463 2341 potestate
1493 2293 1610 2330 fuisse
1641 2293 1692 2329 vi-

192 2357 318 2396 detur.
373 2356 627 2395 Macedonum
657 2356 810 2404 quidem
839 2367 948 2403 reges
978 2361 1039 2393 sat
1068 2355 1274 2403 habebant,
1304 2358 1334 2394 si
1355 2357 1542 2394 Graeciae
1572 2357 1692 2403 ipsius

193 2420 366 2458 civitates
404 2431 681 2467 saepenumero
717 2418 887 2457 devictas
930 2430 1157 2466 semperque
1201 2419 1432 2457 rebellantes
1467 2420 1505 2456 111
1544 2420 1692 2457 dicione

196 2494 267 2522 sua
308 2484 474 2521 retinere
515 2487 692 2531 possent;
735 2483 848 2520 Asiae
891 2487 1018 2520 autem
1059 2484 1192 2530 ingens
1228 2494 1384 2530 regnum
1420 2482 1694 2520 debilitabatur

193 2547 384 2590 continuis
430 2546 539 2584 bellis
585 2547 796 2592 intestinis,
843 2547 1126 2594 provinciarum
1172 2545 1378 2593 praefectis
1421 2547 1535 2584 etiam
1577 2551 1693 2592 atque

194 2609 309 2647 etiam
336 2607 620 2654 deficientibus3
658 2608 869 2646 Ptolemaei
903 2608 1068 2656 denique
1103 2608 1141 2645 id
1169 2610 1408 2656 potissimum
1447 2608 1623 2655 agebant,
1653 2613 1694 2645 ut

195 2671 430 2710 Phoenicum
458 2671 573 2710 urbes
609 2673 820 2710 maritimas
855 2672 926 2709 sibi
957 2671 1209 2719 adiungerent
1238 2671 1450 2710 Seleucidis
1480 2683 1694 2719 repugnan-

195 2733 309 2772 tibus.
358 2734 595 2782 Quamquam
616 2735 781 2782 Aegypti
811 2746 940 2782 regum
971 2735 1180 2772 auctoritas
1209 2739 1291 2773 toto
1319 2736 1414 2772 mari
1435 2735 1590 2782 Aegaeo
1611 2741 1691 2772 erat

196 2797 360 2835 maxima
389 2802 425 2835 et
454 2809 500 2835 ne
527 2802 616 2845 post
645 2797 790 2835 cladem
822 2798 925 2835 illam
956 2797 1107 2846 quidem
1137 2798 1186 2836 ad
1208 2798 1326 2835 Coum
1354 2798 1516 2835 insulam
1543 2798 1591 2835 ab
1620 2799 1694 2836 An·
