1957 3326
894 318 1173 359 „42-

285 445 456 492 myttium
493 442 734 481 incolendum
770 442 893 489 dedit3
930 442 997 480 sed
1032 456 1078 482 ne
1113 443 1164 481 ibi
1201 443 1355 492 quidem
1387 442 1572 480 malorum
1607 444 1788 489 expertes

286 507 456 551 fuerunt,
492 518 577 544 nam
615 506 779 544 Arsaces
815 506 958 553 Lydiae
994 511 1169 555 satrapa,
1205 505 1477 554 Tissaphernis
1511 504 1614 542 illius
1649 503 1788 552 hypar-

285 571 391 616 chus,
421 574 598 608 evocatos
627 581 696 617 per
716 570 880 617 speciem
910 570 1165 617 expeditionis
1195 568 1393 607 cuiusdam
1432 579 1563 606 eorum
1602 567 1790 616 primores

290 645 419 671 omnes
449 644 519 680 per
546 632 705 669 insidias
735 632 1006 673 trucidavit.⁴⁵)
1055 633 1139 670 Tali
1168 632 1281 670 modo
1311 631 1535 669 debilitatos
1564 633 1603 668 et
1629 641 1788 668 numero

289 697 506 733 imminutos
527 694 795 740 Athenienses,
826 695 873 733 ab
894 696 1049 734 oraculo
1078 695 1254 744 delphico
1282 695 1428 740 moniti,
1457 705 1533 732 non
1561 692 1789 731 dubitarunt

286 760 324 796 in
353 759 517 806 patriam
547 757 745 801 reducere,
777 758 878 806 quod
911 758 1051 796 factum
1081 770 1163 795 esse
1193 761 1341 796 aestate
1377 756 1435 793 01.
1464 759 1524 802 89,
1550 760 1573 793 4
1602 757 1662 802 (=
1682 757 1787 801 421),

288 833 386 860 aimo
422 825 509 869 post
538 832 650 868 quam
679 822 753 858 sint
789 821 958 869 expulsi,
993 825 1159 859 testatur
1193 817 1517 867 Thucydides,⁴⁶)
1555 817 1788 865 obloquente

291 885 442 933 quidem
480 883 670 930 Diodoro,
707 885 771 931 qui
800 884 1004 931 Astyphilo
1040 884 1223 922 archonte
1253 882 1311 921 Ol.
1341 887 1408 929 90,
1441 887 1456 919 1
1489 884 1548 925 (=
1572 883 1662 925 220)
1697 879 1792 918 dicit

287 947 448 985 reduces
483 947 604 984 factos
634 945 842 992 Delios347)
883 946 949 984 sed
979 958 1077 994 quae
1106 947 1144 984 in
1173 946 1289 984 rebus
1320 944 1599 992 chronologicis
1627 941 1790 981 Diodori

294 1010 519 1049 auctoritas!

397 1073 490 1110 Post
520 1071 589 1110 has
618 1082 679 1109 res
708 1075 836 1119 gestas
865 1084 935 1120 per
962 1073 1114 1120 longum
1141 1073 1325 1120 temporis
1353 1070 1593 1109 intervallum
1625 1069 1732 1107 nulla
1749 1068 1793 1107 fit

291 1149 313 1175 a
343 1135 598 1184 scriptoribus
619 1146 746 1172 rerum
768 1134 1002 1174 deliacarum
1030 1127 1178 1173 mentio‘
1229 1135 1334 1182 Quae
1363 1135 1502 1172 lacuna
1521 1133 1650 1181 aliquo
1679 1131 1791 1170 modo

293 1210 393 1237 nunc
429 1199 631 1246 suppletur
667 1198 778 1236 titulo
813 1199 862 1236 ad
897 1200 1147 1247 pecuniarum
1190 1209 1386 1237 sacrarum
1421 1195 1792 1236 administrationem

293 1264 509 1308 spectante.
545 1260 678 1297 mutilo
715 1271 824 1307 sane,
861 1261 927 1299 sed
956 1261 1111 1299 maximi
1137 1259 1393 1306 momenti:⁴⁸)
1429 1259 1491 1297 hic
1525 1259 1687 1306 primum
1725 1269 1795 1306 ap-

295 1324 431 1372 pellari
466 1323 637 1361 videmus
673 1322 965 1360 Atheniensium
1001 1323 1250 1370 magistratus
1282 1321 1604 1370 Amphictyonum
1641 1320 1792 1358 nomine

290 1386 486 1434 praeditos
518 1407 558 1412 -
594 1389 776 1433 quattuor
805 1389 893 1423 sunt
928 1397 1085 1423 numero
1114 1385 1217 1433 iique
1251 1384 1367 1422 annui
1403 1406 1442 1410 -
1481 1387 1597 1432 atque
1631 1392 1793 1420 comme·

292 1453 463 1486 moratur
505 1449 618 1485 etiam
657 1448 856 1496 collegium
896 1448 1086 1496 quoddam
1126 1448 1314 1486 deliacum
1358 1468 1400 1473 -—
1446 1445 1482 1482 οἳ
1514 1445 1705 1495 νεωκόροι
1746 1466 1788 1472 —-

291 1512 422 1559 templi
444 1523 559 1550 curae
588 1512 864 1559 praepositum·
906 1511 1013 1549 Haec
1033 1511 1131 1549 enim
1158 1511 1252 1548 nulli
1273 1509 1506 1548 dubitationi
1533 1508 1701 1547 obnoxia
1729 1519 1793 1546 ex-

297 1649 411 1674 unum
441 1636 658 1678 evanidum)
691 1636 694 1679 Ι
721 1635 909 1686 Ἀφεφείυν
934 1634 1148 1687 Ἀφιθύλλου
1173 1640 1178 1677 l
1204 1635 1444 1686 Δημόκριτος
1468 1631 1610 1671 Φανίου
1634 1633 1641 1680 1
1661 1631 1794 1682 Ὀλυμ-

291 1699 484 1749 πιόόωρος
510 1698 686 1736 Τελεσίου
718 1705 722 1748 Ι
753 1697 811 1736 ἐπὶ
843 1698 1079 1736 Ιλαυκίππου
1103 1697 1274 1749 Ἀθήνησι
1303 1695 1509 1750 οςνοΙχοντ-ος
1535 1694 1578 1734 ἐν
1601 1695 1708 1746 Δήλῳ
1735 1693 1795 1732 ἐπὶ

292 1762 528 1812 Ἀπημάντου
571 1760 781 1813 ἄρχοντος·
827 1761 1007 1812 ἀργύριον
1048 1760 1333 1812 παΙρελάβομεν
1374 1757 1470 1810 παρ’
1511 1757 1796 1808 ἈμφικτυόνΙων

299 1825 511 1876 Ηεαγγέλου
537 1823 726 1875 Ψηγαέιυς
745 1825 809 1862 καὶ
829 1825 1117 1876 σΙυναμχόντ-ων
1137 1823 1200 1861 καὶ
1221 1823 1427 1874 νεωκύρων
1451 1823 1457 1871 Ι
1482 1820 1625 1872 Δηλίων
1645 1819 1795 1858 Σκύλα-

296 1902 364 1930 κος
390 1888 454 1924 καὶ
481 1887 770 1939 συναξρχύντων
791 1886 832 1926 ἐν
861 1892 916 1938 τῷ
943 1887 1035 1938 ἱερῷ
1061 1886 1123 1923 καὶ
1154 1887 1220 1937 τΙῷ
1243 1885 1464 1936 Ἀρτεμισὰμ
1492 1883 1703 1935 κεφάλαιον
1723 1887 1795 1922 etc.

397 1952 534 1989 Totum
557 1952 656 1989 tituli
678 1953 826 1989 initium
848 1951 1164 2000 perscribendum
1184 1951 1328 1998 putavi,
1350 1949 1530 1998 quoniam
1553 1947 1796 1994 exstiterunt,

297 2015 361 2062 qui
393 2015 487 2061 ipsis
516 2013 574 2051 his
603 2013 730 2051 verbis
759 2015 817 2051 usi
847 2017 1032 2061 negarent
1059 2012 1177 2050 fuisse
1198 2011 1501 2060 Amphictyonas
1529 2011 1797 2059 magistratum

295 2088 474 2115 annuum.
540 2076 820 2124 Attingerus⁴⁹)
858 2077 957 2114 enim
993 2075 1206 2122 contendit,
1251 2075 1283 2112 si
1318 2085 1455 2112 revera
1489 2084 1565 2112 non
1598 2073 1686 2121 plus
1720 2083 1797 2110 uno

294 2152 394 2178 anno
421 2151 576 2177 munere
603 2143 732 2177 essent
759 2139 891 2186 functi,
920 2137 1164 2177 scribendum
1191 2136 1327 2176 fuisse:
1363 2135 1463 2174 Τάδε
1490 2132 1658 2187 ἔπραξαν
1674 2132 1798 2184 Ἀμφι-

297 2202 458 2244 κτύονες
484 2200 686 2251 Ἀθηναίων
715 2201 752 2237 οἱ
777 2198 835 2238 ὲπέ
867 2200 1101 2238 Γλαυκίππου
1131 2227 1327 2236 .......
1358 2196 1551 2251 ἄρχοντος·
1578 2196 1679 2235 οἵδε·
1715 2200 1798 2242 (no—

297 2267 434 2311 mina);
464 2276 563 2302 nunc
593 2276 682 2303 vero
712 2275 826 2312 quum
850 2265 995 2312 scripta
1023 2264 1110 2309 sint,
1141 2267 1183 2300 nt
1202 2267 1302 2309 sunt,
1330 2262 1451 2301 verba
1477 2258 1537 2298 ἐπὶ
1558 2259 1797 2298 Γλαυκίππου

297 2327 494 2379 ἄρχοντος
523 2339 698 2375 quaeque
728 2332 961 2375 sequuntur,
997 2339 1071 2365 non
1101 2327 1150 2365 ad
1178 2322 1363 2376 ἔπραξαν,
1398 2336 1528 2364 verum
1557 2324 1607 2364 ad
1633 2322 1799 2375 παρελά-

293 2391 413 2441 βομεν
443 2401 570 2428 vocem
602 2402 685 2427 esse
707 2390 920 2437 reserenda,
951 2394 992 2427 ut
1012 2394 1162 2438 tempus
1191 2393 1339 2427 tantum
1360 2388 1601 2436 designatum
1630 2387 1691 2433 sit,
1721 2397 1797 2435 quo

302 2455 564 2499 magistratum
595 2454 782 2491 iniissent.
826 2453 883 2491 Ne
912 2453 1131 2490 inusitatam
1161 2453 1279 2500 igitur
1306 2451 1508 2490 formulam
1537 2449 1798 2496 adhibeamus,

303 2519 412 2557 nobis
442 2517 676 2566 persuadere
705 2518 786 2555 vult
811 2517 1009 2564 collegium
1037 2516 1380 2555 administrationis
1407 2526 1498 2554 suae
1526 2513 1799 2563 perscripsisse

388 2663 432 2705 ⁴⁵)
459 2657 656 2703 Thucydid.
685 2657 780 2701 Vlll,
813 2660 883 2693 108.
1031 2658 1077 2698 ⁴⁶)
1105 2655 1301 2701 Thucydid.
1329 2655 1371 2700 V,
1396 2657 1450 2691 32.

387 2719 434 2761 ⁴⁷)
460 2716 605 2751 Diodor.
634 2716 710 2760 XII,
737 2726 765 2750 c.
784 2717 838 2751 77.
978 2716 1025 2757 ⁴⁵³)
1053 2714 1144 2749 Bull.
1171 2713 1203 2748 d.
1231 2714 1328 2749 Corr.
1355 2712 1447 2747 Hell.
1474 2711 1571 2757 VIII,
1595 2721 1629 2756 p.
1647 2712 1724 2746 283.

390 2776 434 2819 ⁴9)
460 2774 628 2817 Beitriige
654 2784 682 2807 κ.
710 2772 837 2807 Gesch.
866 2783 894 2806 v.
924 2771 1042 2814 Delos,
1069 2782 1100 2815 p.
1119 2773 1174 2806 37.
