1979 3326
766 305 1045 346 ...99-

164 432 403 482 praefuerat!
434 430 659 470 Confirmari
689 434 816 469 autem
843 429 936 467 mihi
965 428 1115 466 videtur
1138 428 1267 475 opinio
1296 438 1381 465 mea
1410 425 1566 464 decreto
1595 437 1662 473 po-

164 497 247 545 puli
275 495 425 542 deliaci,
454 506 529 543 quo
559 494 800 532 collaudatur
828 492 1002 530 Rhodius
1032 491 1188 540 quidam
1225 488 1360 534 (Ἀναξι
1381 517 1388 525 .
1413 519 1420 527 .
1442 517 1450 525 .
1474 522 1480 528 .
1502 518 1510 526 .
1541 486 1666 537 [Φ]ει-

164 558 390 605 ὃιάνακτος)
420 558 497 596 dux
525 558 788 595 insulanorum
814 557 949 594 classis
979 559 1017 594 et
1043 555 1144 593 idem
1177 554 1396 603 appellatur
1425 550 1560 603 ἄρχων
1590 553 1666 589 τῶν

164 621 355 673 νήσων,24)
392 620 495 670 quod
522 633 659 658 munus
693 621 844 658 nomine
873 621 1071 657 immutato
1105 630 1181 657 non
1210 617 1314 656 aliud
1343 629 1426 655 esse
1456 622 1571 665 atque
1601 627 1666 654 ne-

164 685 306 724 siarchi
334 697 444 723 nemo
480 688 538 723 est
567 685 657 732 quin
685 684 822 722 videat.
878 683 977 721 Num
1006 683 1212 731 Epicrates
1248 684 1363 721 etiam
1392 681 1604 730 Polystrati
1641 679 1664 717 f.

162 748 358 795 Rhodius,
400 748 464 796 qui
504 748 542 784 in
578 747 652 785 alio
686 745 854 793 titulo25)
898 757 982 783 cum
1016 747 1205 784 sociorum
1247 746 1415 783 triremis
1451 744 1663 782 insularum

166 812 363 850 custodiae
383 822 513 849 curam
534 809 714 848 habuisse
735 810 886 855 dicitur,
915 821 1071 847 munere
1092 809 1287 847 archontis
1308 808 1507 857 praeditus
1537 806 1664 852 fuerit,

163 873 355 912 affirmare
375 885 452 911 non
472 873 610 919 audeo,
640 873 706 911 sed
728 884 750 910 a
769 873 1043 920 probabilitate
1065 884 1141 910 non
1161 872 1354 910 abhorret.
1395 870 1470 909 Sed
1501 883 1520 908 e
1540 869 1664 917 titulo,

164 949 275 986 quem
304 948 422 984 supra
449 935 631 983 attuli‚2⁶)
662 940 827 984 apparet
847 936 1069 974 archontem
1095 936 1195 974 hunc
1214 947 1291 973 non
1321 935 1368 974 ab
1399 934 1574 974 omnibus
1605 945 1664 971 so-

164 1002 233 1039 ciis
255 1004 439 1047 creatum,
466 1012 596 1038 verum
617 1012 640 1038 a
659 999 818 1038 Rhodiis
839 1011 907 1037 suo
928 1000 1088 1038 arbitrio
1117 1000 1353 1037 nominatum
1384 1002 1422 1036 et
1449 999 1488 1035 in
1518 997 1665 1035 insulas

169 1065 327 1102 missum
356 1075 440 1102 esse
469 1061 718 1108 (ἀποσταλεὶς
746 1061 816 1099 ὑπὸ
846 1063 912 1099 τοῦ
941 1061 1062 1113 δήμου
1093 1063 1161 1099 τοῦ
1189 1059 1340 1099 Ῥοδίων
1370 1059 1507 1113 ἄρχων
1535 1058 1602 1097 ἐπί
1623 1072 1666 1096 τε

167 1128 244 1164 τῶν
273 1126 396 1177 νήσων
426 1125 490 1162 καὶ
517 1126 593 1162 τῶν
618 1126 757 1162 πλοίων
778 1126 851 1162 τῶν
880 1126 1148 1175 νησιωτικῶν),
1177 1137 1408 1174 quamquam
1434 1136 1666 1173 magnopere

167 1191 313 1238 dubito,
333 1194 462 1229 utrum
489 1190 606 1228 fuerit
624 1190 672 1228 ab
693 1191 802 1229 initio
823 1191 984 1229 Rhodiis
1004 1195 1113 1229 tanta
1131 1194 1304 1238 potestas
1333 1202 1356 1228 a
1383 1190 1523 1228 ceteris
1553 1189 1666 1226 sociis

165 1256 354 1304 permissa
375 1267 424 1293 an
444 1254 492 1292 ab
512 1255 606 1302 ipsis
627 1254 827 1302 paullatim
848 1254 1056 1292 vindicata:
1085 1254 1220 1291 titulus
1242 1254 1341 1291 enim
1361 1253 1423 1291 hic
1446 1252 1494 1290 ad
1514 1252 1667 1289 ultimos

167 1319 311 1359 saeculi
339 1319 444 1356 tertii
472 1320 533 1357 vel
553 1320 681 1366 potius
702 1318 750 1356 ad
770 1320 914 1366 primos
943 1318 1101 1356 secundi
1120 1329 1240 1356 annos
1261 1316 1398 1355 referri
1427 1315 1552 1361 debet⁷
1583 1325 1665 1351 cum

165 1384 362 1422 decretum
398 1394 421 1420 a
455 1382 697 1419 Telemnesto
728 1382 910 1419 Aristidis
946 1382 968 1418 f.
1004 1381 1112 1419 Delio
1149 1380 1211 1427 (de
1247 1392 1321 1428 quo
1357 1378 1458 1416 infra
1493 1380 1665 1425 agemus)

165 1448 216 1485 sit
243 1447 494 1494 propositum.
542 1445 649 1482 Haec
677 1444 756 1482 fere
787 1449 886 1491 sunt,
917 1456 1014 1493 quae
1044 1445 1210 1482 certiora
1239 1444 1284 1481 de
1313 1443 1575 1481 insulanorum
1605 1452 1664 1479 so-

165 1511 304 1549 cietate
334 1509 518 1556 indagare
540 1509 750 1556 potuerim3
780 1519 866 1545 nam
888 1507 934 1545 de
955 1508 1071 1546 variis
1102 1508 1182 1545 eius
1205 1506 1383 1545 fortunae
1403 1505 1550 1542 vicibus
1573 1504 1667 1541 nihil

165 1574 358 1622 cognitum
390 1572 573 1610 habemus
603 1575 640 1609 et
668 1582 995 1619 supervacaneum
1025 1575 1083 1609 est
1117 1571 1223 1608 vanis
1252 1569 1484 1608 coniecturis
1513 1572 1665 1614 tempus

163 1640 303 1675 terere.

269 1699 389 1737 Delus
417 1699 554 1745 insula,
585 1709 813 1746 quamquam
835 1708 1022 1745 nusquam
1043 1696 1186 1734 diserte
1214 1695 1382 1735 foederis
1402 1694 1666 1732 insulanorum

167 1763 361 1812 particeps
389 1761 508 1800 fuisse
538 1761 690 1801 dicitur.
721 1761 876 1799 dubium
898 1764 1024 1798 tamen
1047 1772 1122 1798 non
1143 1764 1212 1806 est,
1243 1760 1335 1807 quin
1364 1770 1434 1806 per
1463 1758 1556 1795 satis
1585 1757 1666 1795 lon-

166 1839 253 1876 gum
282 1831 433 1874 tempus
462 1826 501 1863 in
535 1826 724 1864 sociorum
755 1836 912 1862 numero
940 1823 1067 1870 fuerit,
1098 1829 1135 1861 et
1163 1823 1314 1861 videtur
1350 1822 1440 1859 mihi
1475 1821 1547 1858 hoc
1574 1824 1668 1858 tem-

165 1891 271 1938 poris
291 1889 459 1937 spatium
485 1888 579 1925 satis
600 1888 714 1924 certis
734 1885 873 1924 finibus
897 1897 1011 1934 posse
1031 1885 1304 1923 circumscribi.
1347 1885 1428 1923 Iam
1450 1895 1569 1933 supra
1589 1883 1667 1921 dixi

166 1953 278 1990 initio
298 1951 434 1990 Delum
464 1950 513 1988 ad
542 1951 765 1988 societatem
794 1961 869 1987 non
890 1950 1099 1987 accessisse
1129 1953 1165 1986 et
1194 1948 1442 1986 confirmatur
1470 1959 1555 1985 mea
1584 1958 1668 1984 sen-

166 2016 288 2054 tentia
322 2015 388 2061 iis,
423 2025 521 2063 quae
551 2013 764 2051 Homollius
794 2025 813 2050 e
843 2012 984 2050 tabulis
1019 2013 1311 2060 hieropoeorum
1341 2012 1470 2049 attulit
1499 2009 1666 2048 nondum

168 2078 301 2125 editis;
330 2089 416 2115 nam
445 2077 668 2115 certissimis
697 2088 788 2114 usus
823 2075 1060 2114 documentis
1090 2075 1366 2113 demonstravit
1395 2076 1497 2113 circa
1527 2085 1667 2112 annum

169 2147 243 2181 300
273 2153 307 2180 a.
335 2140 424 2178 Chr.
454 2153 489 2178 n.
519 2140 758 2178 Demetrium
788 2151 934 2178 sacram
965 2140 1127 2178 insulam
1157 2140 1195 2176 in
1223 2139 1372 2176 dicione
1402 2149 1471 2176 sua
1500 2138 1668 2175 tenuisse

171 2206 251 2252 vel,
280 2206 313 2243 si
345 2205 483 2251 mavis,
511 2205 548 2241 in
583 2204 721 2241 tutela:
758 2204 976 2251 appellatur
1011 2204 1110 2240 enim
1139 2201 1160 2237 ὁ
1186 2200 1375 2250 βασιλεὺς
1403 2201 1553 2239 nomine
1582 2211 1670 2248 pro-

171 2270 256 2317 prio
278 2280 353 2307 non
382 2265 582 2311 addit0.²⁷)
623 2267 883 2315 Aliquamdiu,
912 2267 1047 2313 fateor⁷
1077 2266 1264 2312 dubitavi,
1294 2270 1420 2303 utrum
1450 2264 1669 2302 Demetrius

169 2333 220 2370 sit.
256 2330 535 2379 intellegendus
569 2341 619 2367 an
655 2329 898 2367 Ptolemaeus
940 2329 1004 2375 (de
1040 2329 1198 2377 reliquis
1234 2328 1388 2376 regibus
1424 2339 1470 2365 ne
1506 2328 1668 2375 eogitari

169 2394 324 2443 quidem
370 2397 536 2442 potest);
576 2392 643 2431 sed
691 2394 783 2441 quia
819 2397 982 2441 apparet
1024 2393 1129 2430 illum
1167 2403 1295 2440 regem
1339 2392 1410 2430 hoc
1450 2392 1535 2439 ipso
1576 2396 1669 2429 tem·

259 2527 306 2571 24)
332 2525 424 2561 Bull.
457 2525 489 2560 d.
524 2525 622 2560 Corr.
648 2525 741 2560 Hell.
767 2525 810 2568 X,
836 2536 869 2569 p.
900 2527 972 2559 118.
1133 2524 1180 2567 25)
1205 2523 1298 2558 Bull.
1324 2523 1357 2557 d.
1383 2522 1480 2557 Corr.
1508 2523 1601 2557 Hell.
1627 2522 1671 2566 X,

171 2596 204 2630 p.
234 2588 306 2620 111.
460 2583 506 2624 26)
533 2582 625 2617 Bull.
652 2583 684 2617 d.
711 2583 808 2617 Corr.
835 2582 927 2617 Hell.
954 2582 997 2625 X,
1029 2593 1061 2626 p.
1093 2585 1165 2617 118.
1320 2581 1366 2621 28)
1392 2579 1554 2614 Homolle
1584 2582 1671 2614 »Ar-

171 2643 312 2678 chives«
347 2645 432 2686 etc„
465 2652 498 2685 p.
524 2643 568 2677 67
600 2645 671 2675 not.
702 2644 734 2675 l:
776 2651 820 2675 ex
851 2639 1017 2685 Lysixen.
1051 2639 1147 2674 arch.
1179 2644 1245 2673 rat.
1278 2638 1338 2672 lin.
1365 2641 1517 2673 68-69:
1559 2637 1619 2670 ὅτε
1654 2638 1672 2669 ὁ

171 2699 343 2742 βασιλεὺς
375 2697 594 2736 ἐξέπλευσεν
628 2699 690 2743 τὴν
725 2698 861 2742 κόπρον
894 2697 1122 2741 ἐξενέγκωσιν
1156 2697 1194 2728 ἐκ
1226 2698 1289 2729 τυῡ
1326 2696 1426 2740 ἱεροῦ
1459 2696 1671 2736 μισθωτοῖς.

172 2757 417 2805 ΔΔΙ-ΗΙ.
1357 2823 1399 2857 7·
