1957 3293
882 341 1191 383 —234-

282 465 526 514 Diophantus
556 465 717 504 Parnasi
745 464 770 503 f.
800 463 1081 513 Cephisiensis:
1110 465 1304 513 Lebegue‚
1332 477 1392 504 no.
1416 470 1474 505 13.

280 528 411 566 Zenon
440 527 780 577 Cephisiensis⁸⁷):
809 527 907 566 CIA.
930 528 976 574 ΙΙ,
1006 532 1092 566 985.

371 581 477 622 (anno
502 587 582 613 ante
608 581 833 613 Echecratem
858 581 1079 621 archontem).

285 637 508 675 Nicocrates
536 638 751 676 Suniensis:
781 637 971 684 Lebegue‚
1001 649 1061 675 no.
1083 642 1117 676 6.

283 699 472 748 Sarapion
501 700 653 739 Sotadis
682 699 705 738 f.
736 699 1046 747 Aegiliensis³⁸›:
1075 700 1266 749 Lebbgue,
1295 712 1356 738 no.
1382 705 1439 739 10.

483 754 659 790 (archonte
683 753 828 792 Procle).

284 807 477 847 Theobius
505 809 681 857 Dionysii
710 808 733 846 f.
764 809 1100 852 Acharnensis⁸⁹):
1129 808 1226 847 CIA.
1249 809 1294 855 ΙΙ,
1326 813 1412 848 985.

483 862 659 901 (archonte
687 861 886 902 Heraclito).

281 944 657 953 .............
687 918 967 956 Acharnensis:
995 917 1186 966 Lebegue‚
1214 929 1276 956 no.
1297 922 1331 956 8.

369 969 567 1012 (epimeleta
592 970 764 1002 Aristione
788 970 945 1002 Isocratis
960 969 1008 1011 f.).

954 1062 1106 1101 Bacchi.

278 1113 550 1162 Asclepiades:
579 1112 677 1152 CIA.
700 1113 750 1160 ΙΙ,
779 1118 865 1152 985.

369 1166 546 1205 (archonte
573 1166 722 1208 Medeo).

279 1223 456 1261 Eubulus
485 1223 670 1261 Demetrii
699 1222 722 1260 f.
753 1223 1100 1269 Marathoniusw):
1130 1223 1227 1262 GIG.
1249 1226 1362 1263 2270.

911 1320 1144 1369 Aesculapii.

281 1395 457 1433 Eubulus
485 1395 673 1434 Demetrii
701 1395 725 1433 f.
754 1395 1043 1434 Marathonius:
1071 1393 1168 1434 CIG.
1191 1397 1302 1435 2270.

980 1482 1081 1520 Anii.

276 1555 574 1604 Nymphodorus
603 1552 650 1592 ἐκ
678 1554 915 1606 Κεραμέωνε
944 1555 1110 1603 CIA.11‚
1139 1560 1227 1595 985.

414 1605 592 1646 (archonte
618 1608 767 1649 Medeo).

277 1665 453 1713 Satyrion
483 1664 565 1702 Call
586 1692 717 1700 .....
730 1678 738 1702 :
767 1663 908 1703 BdCH.
929 1665 997 1712 XI,
1026 1677 1063 1714 p.
1086 1667 1172 1703 273.

364 1717 542 1759 (archonte
567 1717 763 1759 Polyclito).

275 1775 411 1812 Timon
441 1773 732 1812 Scambonides:
762 1773 859 1812 CIA.
883 1774 928 1821 11,
959 1778 1045 1812 985.

368 1831 473 1866 (anno
500 1832 577 1858 ante
603 1826 826 1859 Echecratem
851 1827 1074 1868 archontem).

276 1939 349 1973 viro
384 1938 589 1973 doctissimo
623 1939 790 1973 assentiri
821 1949 891 1974 non
916 1949 1079 1984 possum,
1112 1939 1206 1983 quod
1237 1949 1323 1974 usus
1355 1937 1509 1973 nominis
1542 1937 1776 1983 Διόφανῐτος]

275 1996 436 2041 reliquiis
468 1997 504 2030 in
530 1996 620 2030 CIA.
648 1996 692 2039 ΙΙ,
717 1999 803 2040 985,
836 1996 960 2041 fragm.
979 1997 1026 2042 E,
1052 1998 1117 2032 col.
1136 1996 1186 2041 11,
1211 2007 1300 2031 vers.
1323 2000 1334 2031 l
1364 1995 1515 2031 servatis
1540 1994 1779 2031 sacerdotium

274 2055 341 2089 hoc
366 2054 459 2089 Iovis
486 2053 629 2098 Cynthii
656 2053 701 2088 ad
727 2064 858 2088 annum
884 2054 1017 2098 Argaei
1043 2054 1173 2090 iterum
1198 2053 1380 2089 archontis
1404 2051 1560 2088 rettulit:
1591 2051 1660 2088 hoc
1684 2051 1778 2087 enim

275 2123 368 2147 anno
394 2112 525 2147 scimus
558 2111 770 2156 epimeleten
805 2111 885 2146 Deli
920 2111 1029 2146 fuisse
1063 2111 1282 2146 Aristionem
1317 2110 1361 2150 ἐξ
1387 2110 1490 2154 Οἴου,
1524 2118 1595 2154 quo
1627 2108 1781 2144 insulam

274 2174 421 2205 curante
448 2167 614 2203 sacerdos
640 2168 732 2203 Iovis
757 2168 825 2203 fuit
850 2168 1093 2204 Acharnensis
1119 2167 1266 2213 quidam
1293 2167 1489 2212 (Lebegue,
1515 2165 1582 2202 No.
1600 2166 1646 2212 8).

364 2227 409 2271 ³⁷)
434 2226 601 2260 Fortasse
629 2225 720 2260 idem
747 2225 815 2260 fuit
841 2231 949 2270 atque
975 2226 1028 2260 vir
1046 2226 1152 2261 huius
1177 2225 1330 2260 nominis
1348 2223 1516 2270 pagique,
1541 2223 1604 2268 qni
1620 2223 1777 2260 cliduchi

276 2283 460 2329 Sarapidis
485 2283 628 2318 functus
655 2288 709 2318 est.
734 2293 899 2326 munere3
932 2283 994 2318 sed
1019 2283 1174 2318 Zenonis
1199 2292 1326 2317 nomen
1351 2286 1424 2316 tam
1446 2279 1616 2325 frequens
1640 2285 1714 2327 eet,
1738 2289 1779 2320 ut

275 2341 418 2376 minime
444 2341 511 2375 hoc
538 2351 745 2375 asseverare
770 2340 931 2375 audeam.

366 2398 413 2441 ³⁸)
440 2398 568 2432 Frater
585 2398 637 2432 vel
657 2404 760 2442 pater
785 2398 862 2432 eius
882 2397 1031 2433 Sotades
1050 2397 1194 2432 Sotadis
1211 2397 1234 2432 f.
1261 2406 1498 2442 agoranomus
1521 2395 1591 2432 fuit
1605 2396 1777 2432 archonte

277 2456 443 2491 Zaleuco.

365 2514 411 2553 ³⁹)
437 2512 655 2548 Sacerdotiis
681 2513 789 2547 variis
812 2519 866 2548 est
882 2513 1041 2549 functus:
1071 2512 1256 2558 Sarapidis
1273 2512 1444 2548 archonte
1460 2511 1590 2548 Medeo
1607 2512 1777 2556 (100199),

274 2570 424 2606 Veneris
451 2569 575 2613 Syriae
601 2569 771 2604 archonte
798 2571 939 2614 Argaeo
973 2570 1100 2605 iterum
1127 2571 1275 2615 (9ssl95),
1310 2575 1489 2615 postremo
1514 2568 1608 2605 Iovis
1633 2567 1778 2614 cynthii

274 2627 475 2671 insequenti
502 2637 604 2662 anno.

364 2687 412 2727 ⁴⁰)
437 2684 502 2718 Vir
532 2684 642 2719 fuisse.
670 2684 809 2718 videtur
840 2685 993 2719 alicuius
1025 2685 1249 2720 auctoritatis
1281 2685 1317 2719 in
1343 2684 1525 2720 cleruchia
1547 2683 1705 2729 deliaca,
1737 2687 1778 2719 ut

274 2741 455 2777 decretum
481 2741 701 2778 demonstrat
726 2743 761 2777 in
789 2742 958 2778 honorem
989 2743 1066 2778 eius
1091 2743 1274 2789 scriptum,
1299 2742 1360 2778 ubi
1385 2742 1531 2789 Bacchi,
1555 2740 1777 2787 Aesculapii,

274 2799 483 2834 Cabirorum
510 2799 564 2834 bis
593 2800 704 2835 fuisse
732 2800 897 2836 sacerdos
923 2800 1161 2846 praedicatur.
