1957 3326
914 294 1196 335 -48-

308 421 404 456 enim
434 424 605 466 tempore
635 421 719 455 erat
746 418 963 465 impeditus,
993 428 1109 464 quum
1129 417 1323 464 praetoris
1342 427 1499 454 munere
1517 414 1806 464 fungereturffl)

307 487 442 528 postea
483 492 572 518 vero
614 480 720 518 brevi
761 484 949 517 mortuum
993 490 1077 516 eum
1113 490 1197 515 esse
1235 479 1266 515 si
1303 489 1378 516 non
1414 482 1582 524 certum,
1616 481 1658 516 at
1690 488 1805 525 quam

307 545 469 580 maxime
508 544 711 581 verisimile
747 548 821 589 est,
858 543 1035 590 quoniam
1067 543 1167 579 inter
1194 545 1252 579 tot
1280 546 1480 589 praetores
1508 552 1703 590 nunquam
1731 552 1809 579 am-

306 605 407 652 plius
436 616 459 642 a
486 604 708 652 Thucydide
737 609 1055 642 commemoratur
1084 615 1207 651 neque
1247 614 1269 640 a
1297 603 1564 650 Xenophonte.
1626 603 1810 652 Sequitur

306 668 445 705 deinde
474 667 634 713 Callias,
672 679 782 714 quem
820 668 956 704 tertiae
992 671 1086 714 puto
1123 666 1407 704 architheorum
1442 666 1648 713 legationis
1675 676 1809 703 sacrae

308 730 425 767 fuisse
455 730 502 768 ad
523 729 622 767 fest-a
641 730 944 778 quinquennalia
964 731 1115 775 missae,
1146 741 1261 777 quum
1292 733 1330 766 et
1357 729 1412 766 rei
1441 727 1641 766 familiaris
1670 731 1749 765 tum
1770 728 1808 764 in

306 794 550 840 possessione
570 792 687 830 fuerit
711 797 821 840 patre
842 792 1059 840 Hipponico
1087 792 1136 830 ad
1159 792 1309 829 Delium
1339 789 1554 837 interfecto,
1583 794 1623 829 et
1648 791 1724 828 iam
1751 791 1808 828 in-

306 856 477 892 notuisse
506 855 554 892 ob
583 859 757 902 sumptus
787 854 907 892 factos
936 854 1007 892 hoc
1027 856 1111 902 ipso
1131 859 1304 901 tempore
1324 857 1488 891 testetur
1506 852 1807 900 Aristophanes:

306 922 441 965 postea
469 929 559 955 vero
588 917 704 955 rebus
723 917 1016 955 Atheniensium
1052 928 1282 965 magnopere
1311 914 1478 954 adflictis
1498 915 1607 954 clade
1627 915 1810 954 siciliensi

306 982 366 1017 vix
397 986 455 1018 est
484 981 689 1018 verisimile
718 992 945 1028 quemquam
976 980 1093 1018 fuisse
1122 984 1199 1018 tam
1227 981 1402 1018 insanum
1431 983 1546 1027 atque
1572 981 1699 1016 mente
1719 989 1810 1026 cap-

310 1047 407 1089 tum7
442 1047 485 1079 ut.
519 1047 648 1080 tantas
683 1044 867 1090 pecunias
902 1043 950 1081 ad
985 1055 1047 1081 res
1083 1044 1306 1090 nugatorias
1336 1064 1382 1070 —
1412 1043 1528 1081 vittas
1556 1041 1743 1090 quasdam
1770 1042 1809 1079 in

306 1105 448 1152 templo
475 1105 601 1142 alieno
630 1105 814 1143 dicandas
836 1127 881 1131 —
905 1105 1125 1153 impendere
1145 1105 1277 1142 mallet
1305 1116 1418 1152 quam
1446 1104 1682 1153 reipublicae
1709 1115 1810 1142 com-

307 1169 429 1205 modis
458 1169 655 1214 inservire,
685 1172 721 1205 et
751 1174 856 1205 certe
884 1173 973 1215 post
1000 1167 1111 1206 finem
1142 1168 1233 1205 belli
1261 1167 1573 1215 peloponnesiaci
1601 1167 1698 1206 adeo
1727 1172 1811 1205 erat

308 1231 381 1268 iam
411 1231 611 1268 imminuta
638 1229 783 1267 Calliae
818 1242 880 1268 res
913 1230 1131 1277 familiaris,
1166 1235 1209 1267 ut
1241 1230 1427 1268 eiusmodi
1459 1229 1675 1278 sumptibus
1707 1228 1811 1268 suffi-

308 1304 396 1330 cere
425 1305 499 1330 non
528 1297 670 1340 posset.
719 1293 861 1330 Tribus
889 1292 947 1330 his
976 1292 1155 1340 adiungo,
1185 1304 1402 1340 quanquam
1433 1292 1666 1340 dubitanter,
1695 1294 1810 1331 etiam

307 1355 565 1402 Euthydieum
594 1355 741 1393 Dioclis
770 1356 813 1403 f.‚
849 1357 941 1404 quia
976 1361 1014 1393 et
1041 1356 1180 1393 donum
1211 1357 1292 1394 eius
1328 1378 1363 1382 —
1403 1355 1521 1407 φιάλη
1549 1361 1735 1404 argentea
1764 1379 1809 1384 —

306 1419 344 1455 in
380 1419 702 1465 Amphictyonum
748 1419 963 1456 rationibus
1001 1431 1153 1467 semper
1188 1430 1265 1457 una
1300 1430 1384 1456 cum
1418 1420 1466 1457 iis
1501 1418 1678 1466 affertur,
1712 1431 1810 1468 quae

305 1491 328 1518 a
360 1480 473 1518 Nicia
508 1482 679 1529 illisque,
716 1494 811 1529 quos
847 1481 959 1520 modo
996 1483 1206 1528 nominavi,
1250 1486 1339 1520 sunt
1372 1481 1520 1529 dicata,
1557 1485 1596 1520 et
1630 1480 1704 1521 fuit
1738 1482 1812 1521 hoc

308 1547 480 1590 tempore
502 1543 657 1581 Diocles
678 1544 831 1592 quidam
853 1550 995 1591 orator,
1023 1546 1086 1592 qui
1116 1545 1389 1592 populiscitum
1417 1546 1456 1582 in
1484 1545 1666 1584 honorem
1687 1545 1809 1593 Phry-

305 1606 407 1643 nichi
447 1606 734 1645 interfectorum
770 1609 917 1655 rogavit
955 1608 1171 1656 Glaucippo
1206 1607 1468 1655 archonte‚⁶⁰)
1509 1607 1674 1647 fortasse
1708 1608 1809 1647 idem

303 1673 419 1715 atque
460 1669 707 1716 insequentis
749 1671 837 1708 anni
879 1670 1035 1708 archon.
1091 1670 1240 1718 Dignae
1282 1671 1422 1709 deinde
1464 1676 1571 1718 sunt,
1614 1682 1713 1720 quae
1747 1671 1809 1709 hic

308 1730 536 1778 laudentur,
572 1743 735 1770 coronae
771 1733 859 1770 illae
888 1744 1049 1779 aureae,
1079 1744 1242 1781 quarum
1271 1734 1441 1782 singulas
1469 1738 1622 1772 constat
1648 1733 1809 1781 singulis

308 1793 415 1831 festis
453 1795 802 1842 quinquennalibus
846 1807 930 1833 esse
972 1801 1218 1834 consecratas
1259 1794 1456 1846 ἀριστεῖον
1497 1796 1567 1833 τοῦ
1611 1794 1726 1843 θεοῦ,
1766 1799 1810 1834 ut

306 1855 524 1900 dicitur:⁶1›
560 1870 635 1895 non
673 1859 771 1896 enim
808 1857 986 1896 dubitare
1015 1859 1123 1905 licet,
1153 1859 1245 1906 quin
1273 1859 1349 1897 iam
1377 1858 1466 1896 inde
1496 1869 1520 1897 a
1545 1859 1680 1907 primis
1706 1858 1808 1896 ludis

309 1919 515 1957 celebratis
544 1919 616 1957 hoc
645 1920 861 1957 institutum
891 1920 951 1965 sit,
982 1931 1098 1967 quum
1127 1920 1240 1958 aliter
1267 1931 1494 1959 coronarum
1523 1931 1703 1958 numerus
1731 1931 1809 1958 non

309 1982 522 2019 conveniat.
579 1982 629 2019 Et
664 1986 847 2030 quattuor
881 1987 986 2020 certe
1023 1986 1112 2020 ante
1141 1982 1347 2030 Glaucippi
1382 1994 1544 2030 annum,
1580 1983 1715 2031 quinta
1741 1983 1808 2021 illo

306 2045 391 2091 ipso
427 2044 611 2082 archonte
650 2049 709 2082 est
743 2043 892 2090 dicata,
930 2049 1077 2082 sextam
1114 2043 1258 2082 Calliae
1293 2045 1490 2083 archontis
1523 2056 1624 2084 anno
1657 2045 1807 2083 tribuo:

309 2118 469 2154 quarum
507 2108 672 2144 omnium
708 2118 784 2145 non
820 2107 918 2145 idem
956 2108 1096 2145 scimus
1137 2106 1255 2145 fuisse
1298 2109 1484 2155 pretium,
1526 2119 1643 2156 quum
1685 2109 1810 2156 prima

398 2226 445 2265 ι’·9)
470 2225 540 2259 Cfr.
568 2231 687 2260 notam
713 2225 996 2260 antecedentem.
1133 2226 1179 2271 ⁶⁰)
1205 2226 1242 2261 C.
1257 2226 1283 2260 1.
1299 2226 1342 2260 A.
1366 2226 1394 2271 I,
1419 2228 1474 2271 59,
1499 2225 1560 2260 lin.
1584 2228 1633 2260 14.

395 2283 440 2326 ⁶¹)
466 2283 569 2317 Certe
595 2282 696 2317 nobis
723 2293 791 2316 non
819 2288 872 2317 est
897 2282 1067 2317 traditum
1093 2293 1115 2317 a
1140 2282 1374 2327 scriptoribus
1399 2283 1467 2318 hoc
1488 2281 1597 2318 moris
1614 2281 1744 2328 fuisse,
1769 2288 1810 2318 ut

304 2338 543 2373 Athenienses
569 2339 614 2373 ad
633 2339 737 2373 Delia
763 2339 978 2374 celebranda
1003 2340 1163 2384 singulas
1188 2350 1338 2375 coronas
1364 2339 1528 2376 dicarent
1551 2349 1691 2385 aureas,
1716 2349 1807 2384 quas

305 2396 364 2431 hic
390 2402 425 2431 et
449 2396 539 2430 alias
565 2396 865 2440 pentetericarum
892 2397 1032 2432 nomine
1059 2397 1201 2441 appello
1227 2397 1378 2432 aliorum
1409 2396 1612 2442 exemplum
1644 2401 1807 2442 secutu83

302 2458 419 2487 tamen
446 2452 591 2487 dubium
617 2464 686 2487 non
718 2458 836 2497 potest
867 2465 962 2498 esse,
1001 2454 1086 2498 quin
1119 2454 1170 2488 ita
1202 2454 1279 2489 fieri
1313 2454 1455 2489 solitum
1488 2453 1551 2499 sit,
1589 2447 1701 2489 modo'
1724 2464 1806 2490 con-

302 2511 397 2545 feras
422 2510 623 2544 inventaria
652 2510 789 2553 aliquot
822 2510 867 2544 ab
893 2511 1215 2555 Amphictyonibus
1248 2510 1368 2546 atticis
1399 2515 1526 2555 quarto
1558 2511 1701 2546 saeculo
1726 2521 1806 2555 per-

303 2567 452 2611 scripta:
495 2567 696 2600 Timocrate
723 2566 893 2601 archonte
921 2567 988 2609 (01.
1012 2571 1085 2610 104,
1109 2571 1138 2609 l)
1164 2572 1307 2602 exstant
1337 2567 1407 2602 iam
1433 2574 1585 2602 coronae
1619 2566 1807 2603 duodecim

302 2624 409 2667 (Bull.
428 2623 460 2657 d.
479 2625 576 2658 (ἴση.
596 2623 686 2657 llell.
708 2623 749 2667 X,
777 2635 809 2667 p.
828 2627 905 2667 465,
931 2624 991 2659 lin.
1015 2627 1105 2668 107);
1133 2625 1240 2659 tertia
1257 2624 1467 2669 Olympiade
1493 2629 1575 2669 post
1597 2628 1808 2660 consecrata

303 2685 357 2714 est
374 2680 579 2715 Callistrato
605 2680 775 2714 archonte
801 2680 868 2721 (01.
894 2683 965 2724 106,
983 2683 1016 2725 2)
1042 2680 1318 2725 quintadecima,
1343 2681 1401 2716 cui
1426 2680 1571 2716 disertis
1596 2681 1705 2717 etiam
1729 2691 1805 2716 ver-

303 2736 357 2771 bis
389 2736 548 2771 additur:
589 2737 628 2770 »ὁ
652 2737 690 2769 ἐκ
716 2739 780 2781 τῆς
806 2738 1084 2783 πεντητερίδυςα
1111 2737 1164 2781 (C.
1179 2737 1205 2772 1.
1221 2738 1264 2772 A.
1290 2737 1342 2782 11,
1368 2739 1453 2782 928,
1478 2737 1539 2772 lin.
1561 2741 1600 2774 6:
1637 2736 1682 2773 do
1711 2746 1805 2773 amm
