1979 3326
766 304 1050 344 -77—

157 428 245 468 culo
274 431 439 467 exeunte
472 428 533 467 vel
566 428 702 476 primis
739 429 868 477 quarti
902 428 1012 467 annis
1047 431 1303 474 exstructum,
1340 427 1504 465 alterum
1541 426 1660 464 multo

155 492 363 530 vetustius:
398 492 463 528 vix
491 492 591 530 enim
620 490 704 530 fieri
738 493 913 540 potuisse
948 495 1055 539 puto,
1093 494 1133 529 ut
1159 491 1264 529 Delii
1292 491 1559 539 antiquissimo
1594 490 1662 528 illo

157 558 274 603 atque
304 555 586 603 simplicissimo
615 554 791 602 delubro,
821 556 860 592 in
883 554 1031 603 Cyntho
1061 558 1188 592 monte
1218 555 1304 600 sito,
1333 554 1505 591 contenti
1534 557 1661 591 essent

156 628 280 666 usque
308 618 358 656 ad
385 617 593 656 Persarum
621 618 744 665 bella,
779 629 863 656 cum
891 617 1056 666 Delphis
1090 619 1165 655 iam
1201 616 1326 654 medio
1362 616 1516 654 saeculo
1553 620 1661 654 sexto

157 678 289 718 fanum
316 680 436 718 multo
465 680 705 728 splendidius
734 693 806 729 pro
835 680 1034 718 combusto
1077 683 1179 718 esset
1220 677 1484 725 aedificatum;
1519 679 1663 727 amphi-

156 743 310 791 ctyonia
335 754 427 781 vero
456 742 605 781 deliaca
633 742 789 781 condita
817 746 854 780 et
881 741 962 779 ludi
991 741 1297 789 quinquennales
1325 741 1493 778 instituti
1523 752 1569 777 ne
1600 751 1661 778 co-

156 806 272 854 gitari
300 805 451 854 quidem
478 809 641 854 possunt
667 806 743 844 nisi
761 805 904 852 templo
932 806 1077 843 maiore
1098 807 1287 850 exstante,
1315 803 1382 840 ubi
1413 806 1450 840 et
1469 804 1662 841 aerarium

157 869 347 907 sociorum
377 873 644 907 asservaretur
680 872 718 906 et
749 879 914 916 pompae
950 867 1251 906 celebrarentur.
1306 866 1393 904 Duo
1421 867 1539 914 igitur
1566 866 1662 904 haec

154 931 299 979 templa
325 932 366 969 in
398 932 512 970 titulo
550 936 683 970 nostro
717 932 839 969 lat-ere
873 931 967 969 mihi
1000 931 1178 979 persuasi
1214 929 1285 967 sub
1323 928 1424 966 »fani
1452 929 1661 967 Athenien-

155 994 276 1032 sium«
307 997 346 1032 et
379 993 480 1032 »fani
499 994 726 1033 Deliorum«
756 994 986 1032 nominibus.
1029 993 1128 1031 Nam
1158 994 1189 1030 si
1219 993 1304 1040 quis
1334 992 1437 1030 dicat
1467 991 1540 1029 νεὼ
1569 1003 1661 1030 voce

155 1056 351 1104 designari
379 1057 443 1095 hic
471 1057 688 1103 thesauros,
719 1057 783 1104 qui
814 1056 1005 1102 dicuntur,
1036 1067 1058 1093 a
1087 1055 1247 1102 singulis
1276 1055 1430 1102 populis
1459 1054 1509 1091 ad
1537 1066 1662 1092 asser-

153 1119 282 1158 vanda
309 1119 411 1158 dona
439 1132 510 1158 sua
539 1123 771 1166 exstructos,
799 1120 963 1167 primum
994 1118 1248 1165 demonstret,
1284 1118 1369 1166 quis
1397 1128 1565 1165 unquam
1594 1129 1661 1165 po-

153 1183 268 1230 pulus
303 1195 371 1221 suo
405 1184 527 1231 ipsius
564 1183 710 1230 templo
747 1182 941 1220 addiderit
975 1181 1198 1219 thesaurum
1231 1182 1449 1229 proprium,
1484 1180 1523 1217 id
1558 1180 1661 1228 quod

153 1245 287 1285 Delios
323 1246 460 1284 fecisse
496 1246 674 1284 iubemur
710 1245 888 1291 credere;
930 1245 1068 1283 deinde
1105 1249 1147 1282 ut
1184 1245 1308 1292 possit
1349 1255 1519 1292 unquam
1561 1242 1662 1286 νεὼς

152 1320 227 1348 vox
258 1310 315 1348 ita
348 1310 546 1357 usurpari,
588 1308 676 1346 Deli
720 1313 824 1347 certe
865 1308 1039 1346 thesauri
1073 1307 1122 1345 ab
1159 1308 1301 1346 exteris
1338 1307 1557 1345 civitatibus
1596 1319 1659 1345 ex-

153 1373 291 1410 structi
324 1369 424 1409 οἷκοι
458 1372 776 1421 appellabantur,
819 1376 862 1410 ut
897 1372 1037 1409 scimus
1072 1370 1190 1409 fuisse
1228 1369 1377 1415 Ναξίων
1405 1368 1572 1415 οἶκονθθ)
1609 1375 1659 1417 et,

152 1435 299 1474 liberae
331 1436 567 1484 reipublicae
600 1440 794 1484 tempore,
839 1433 1024 1486 Ἀνδρίων,
1071 1436 1136 1483 qui
1178 1436 1215 1472 in
1251 1434 1503 1473 traditionum
1545 1434 1661 1472 later-

153 1499 249 1537 culis
277 1501 501 1548 saepissime
530 1500 768 1545 occurrit-⁸¹)
829 1499 894 1537 Sin
925 1503 1052 1537 autem
1086 1499 1183 1537 haec
1215 1504 1302 1536 sunt
1331 1498 1475 1546 templa
1510 1498 1661 1535 intelle-

155 1562 300 1610 genda,
329 1574 397 1601 cur
425 1563 505 1610 dei,
533 1564 595 1601 cui
623 1568 851 1602 consecrata
878 1568 1006 1610 erant,
1035 1574 1173 1601 nomen
1202 1574 1278 1600 non
1309 1560 1490 1600 additur?
1549 1560 1660 1608 Quod

156 1626 264 1664 nullo
290 1626 402 1665 modo
437 1628 559 1665 omitti
593 1628 730 1674 potuit,
765 1627 838 1664 nisi
880 1625 1009 1664 fanum
1039 1627 1074 1664 ei
1108 1626 1180 1664 deo
1214 1625 1380 1663 dicatum
1416 1628 1512 1669 erat,
1547 1625 1612 1672 qui
1641 1635 1664 1662 a

157 1689 312 1727 civitate
337 1694 495 1737 praeter
521 1694 671 1728 ceteros
697 1689 908 1736 colebatur,
941 1693 984 1726 ut
1004 1689 1167 1726 Athenis
1203 1687 1223 1724 ὃ
1258 1686 1357 1729 νεὼς
1390 1687 1663 1735 appellabatur

157 1751 392 1800 Parthenon,
414 1764 525 1801 quem
548 1765 617 1792 nos
638 1753 766 1790 dicere
787 1753 1065 1799 consuevimus,
1087 1753 1203 1798 solus,
1221 1752 1308 1790 Deli
1329 1755 1456 1789 autern
1477 1751 1662 1797 templum

154 1814 348 1862 Apollinis
377 1819 493 1854 antea
521 1814 565 1853 τὸ
594 1815 696 1865 ἱερὸν
724 1817 960 1854 nominatum
981 1827 1065 1854 esse
1095 1819 1246 1854 constat
1275 1827 1321 1853 ex
1349 1814 1661 1862 amphictyonum

154 1879 370 1917 rationibus
399 1879 616 1928 Glaucippo
646 1881 829 1918 archonte
868 1877 1094 1927 seriptis.82›
1150 1879 1280 1926 Atque
1310 1890 1356 1916 ex
1391 1877 1462 1916 hac
1491 1879 1577 1925 ipsa
1604 1889 1658 1924 re,

155 1941 259 1990 quod
294 1943 522 1990 simpliciter
559 1943 604 1980 τὸ
640 1942 746 1993 ἱερὸν
787 1943 1059 1990 appellabatur
1101 1942 1161 1980 dei
1204 1942 1355 1979 nomine
1397 1953 1472 1979 non
1515 1941 1659 1988 addito,

155 2005 311 2043 unicum
344 2005 441 2043 illud
474 2009 552 2044 tum
590 2005 709 2044 fuisse
744 2006 990 2054 perspicuum
1029 2010 1106 2052 est,
1154 2016 1236 2042 cum
1272 2005 1394 2042 nostri
1430 2004 1530 2042 tituli
1567 2009 1659 2042 tem·

153 2079 248 2116 pore
276 2068 353 2106 iam
382 2069 457 2108 duo
486 2070 629 2118 templa
659 2074 868 2108 exstarent.
925 2070 1095 2117 Quorum
1125 2069 1287 2107 alterum
1323 2070 1424 2106 inter
1454 2068 1660 2116 Glaucippi

159 2134 199 2169 et
218 2130 449 2170 Timocratis
469 2144 610 2171 annum
639 2138 875 2178 (410—364)
905 2131 1148 2171 aedificatum
1178 2143 1262 2170 esse
1291 2144 1361 2180 pro
1390 2137 1496 2170 certo
1526 2131 1660 2169 haberi

153 2197 296 2242 potest,
323 2195 440 2244 idque
470 2197 611 2244 optime
640 2196 804 2245 quadrat
834 2195 883 2234 ad
912 2207 968 2243 ea,
999 2207 1097 2244 quae
1118 2195 1164 2233 de
1187 2195 1259 2233 hoc
1278 2196 1495 2233 recentiore
1517 2195 1659 2243 templo

154 2257 308 2296 aliunde
337 2259 492 2306 cognita
519 2258 716 2297 habemus.

257 2321 456 2360 Firmatur
483 2322 579 2360 haec
606 2333 692 2360 mea
721 2322 768 2360 de
799 2320 873 2358 νεὼ
902 2333 994 2360 voce
1024 2322 1175 2370 opinio,
1205 2321 1236 2359 si
1265 2322 1477 2368 cogitamus
1506 2320 1660 2358 thesau-

153 2395 239 2422 rum
268 2385 382 2423 etiam
411 2389 501 2434 post
529 2385 748 2424 libertatem
778 2396 798 2422 a
828 2385 952 2423 Deliis
981 2389 1249 2432 recuperatam
1280 2386 1340 2421 vix
1369 2383 1658 2431 possessoribus

158 2448 256 2496 eripi
283 2449 469 2496 potuisse,
498 2449 538 2486 in
566 2448 782 2487 rationibus
811 2452 938 2486 autem
962 2448 1065 2485 illius
1094 2448 1279 2495 temporis
1309 2458 1384 2484 non
1415 2447 1659 2484 01011οΑ1110-

152 2510 354 2558 niensium,
390 2511 459 2550 sed
486 2523 534 2550 ne
564 2511 763 2550 Deliorum
793 2511 946 2559 quidem
976 2511 1149 2549 thesauri
1178 2511 1296 2548 ullum
1326 2522 1516 2558 apparere
1546 2512 1658 2548 vesti-

242 2618 287 2663 80)
313 2617 350 2653 C.
363 2618 391 2653 1.
405 2619 448 2653 A.
474 2617 520 2663 11,
544 2620 629 2662 8273
654 2618 747 2653 Bull.
773 2617 805 2652 d.
824 2618 921 2652 Corr.
941 2617 1032 2652 Hell.
1049 2617 1145 2661 VIII,
1171 2629 1203 2662 p.
1222 2620 1299 2653 320.
1439 2618 1482 2657 S¹)
1510 2617 1578 2651 Cfr.
1606 2618 1658 2652 in-

152 2675 352 2710 ventarium
376 2674 530 2710 Demare
556 2675 726 2710 archonte
758 2675 1014 2719 perscriptum,
1046 2675 1107 2710 lin.
1137 2678 1198 2710 155
1231 2681 1265 2710 et
1293 2675 1461 2709 Homollii
1494 2675 1537 2708 ad
1571 2674 1658 2709 illud

152 2732 462 2768 commentarium:
488 2732 581 2768 Bull.
608 2732 640 2767 d.
668 2733 765 2767 Corr.
790 2732 882 2767 Heli.
898 2732 958 2776 vl,
989 2734 1061 2767 100.
1200 2732 1244 2777 ⁸2)
1271 2732 1363 2767 Bull.
1390 2733 1422 2767 (1.
1447 2732 1545 2767 Corr.
1565 2732 1657 2768 Hell.

152 2789 250 2835 VIII,
274 2800 312 2835 p.
326 2791 403 2826 283.
