1957 3293
876 304 1183 344 -214-

277 441 393 468 causa
421 429 552 467 electis
590 439 794 476 numquam
823 427 905 465 fieri
943 431 1096 476 poterat
1122 450 1171 455 —
1201 428 1379 475 Euodus,
1408 429 1571 468 Veneris
1606 440 1777 478 zamma,

279 505 347 540 per
376 492 635 539 duodeviginti
665 490 861 532 annosffl)
892 491 963 529 hoc
991 490 1116 529 officio
1145 496 1204 529 est
1232 490 1396 539 functus,
1426 491 1670 540 Nicephorus
1699 492 1777 531 Iovi

283 557 397 593 etiam
427 556 576 603 longius
606 555 798 603 apparuit,
828 566 896 602 per
925 555 1083 602 triginta
1112 558 1150 592 et
1177 558 1320 602 septem
1350 566 1482 593 annos.
1494 554 1559 599 ¹⁶⁴)
1600 554 1776 594 Iamdixi

281 618 519 665 probabilius
549 618 639 655 mihi
668 617 788 654 videri
817 616 934 654 fuisse
964 628 1028 654 eos
1058 628 1188 655 servos
1216 617 1390 665 publicos
1417 618 1477 655 vel
1505 617 1566 656 dei
1594 618 1774 666 proprios

282 679 457 730 (ἱερούς),
487 681 587 729 quod
618 682 655 717 in
686 679 897 729 νεωκόροις
925 679 1082 717 deliacis
1117 679 1354 717 documentis
1393 679 1620 728 quibusdam
1648 680 1778 718 allatis

282 743 544 782 demonstrare
580 747 738 781 conatus
774 754 866 779 sum.
932 742 1157 790 Quanquam
1201 754 1277 779 una
1319 753 1403 780 cum
1441 742 1600 781 Veneris
1638 753 1776 781 zaooro

284 805 472 855 δημόσιος
501 807 652 855 quidam
683 808 766 854 ipso
796 806 866 843 hoc
894 806 1043 843 nomine
1073 806 1289 853 appellatus
1325 806 1383 843 bis
1419 804 1673 852 occur1·it,¹⁶⁵)
1714 805 1779 853 qui

282 868 444 907 fueritne
485 870 584 908 idem
620 882 669 908 an
703 869 877 906 diversus
919 869 966 906 ab
1003 869 1089 914 illo,
1132 880 1243 916 quem
1279 868 1471 907 adiuvisse
1509 869 1608 907 sacri
1635 868 1776 906 aerarii

279 937 502 980 quaestores
532 932 706 977 vidimus,
735 930 936 968 diiudicari
965 942 1039 968 non
1061 932 1163 979 quit:
1197 931 1287 968 mihi
1323 930 1476 979 quidem
1504 931 1576 969 hoc
1603 942 1679 970 non
1709 930 1775 969 ob-

284 999 386 1034 stare
414 995 578 1035 videtur,
607 994 810 1041 quominus
840 994 889 1030 sit
917 1004 1075 1031 zacorus
1104 994 1191 1030 item
1223 1005 1241 1031 e
1271 994 1390 1031 servis
1419 993 1574 1031 electus.

382 1058 703 1096 Perlustravimus
747 1057 821 1092 iarn
856 1067 1004 1101 omnes,
1047 1059 1140 1103 quot
1175 1055 1327 1103 quidem
1363 1056 1616 1102 innotuerint,
1659 1056 1777 1104 magi-

281 1126 426 1160 stratus
454 1121 724 1167 ministrosque
745 1118 905 1165 infimos,
937 1120 1001 1166 qui
1030 1119 1158 1167 aliquo
1187 1124 1275 1157 sunt
1303 1131 1460 1158 munere
1487 1118 1607 1158 functi
1636 1121 1778 1158 maiore

277 1186 336 1224 vel
363 1186 509 1222 minore
539 1185 576 1221 in
605 1183 800 1221 cleruchia
827 1182 996 1228 deliaca,
1035 1182 1215 1230 quamdiu
1251 1183 1394 1230 templa
1422 1181 1559 1230 opibus
1595 1181 1774 1231 famaque

279 1248 470 1286 florebant
499 1251 614 1295 atque
643 1247 769 1284 insula
787 1247 873 1292 ipsa
891 1245 1034 1282 divitiis
1054 1249 1170 1292 atque
1199 1245 1480 1283 existimatione
1508 1244 1672 1293 valebat,
1700 1246 1725 1284 i.
1745 1257 1778 1284 e.

278 1324 348 1359 per
376 1311 518 1349 saeculi
548 1309 704 1347 secundi
725 1309 884 1346 alteram
906 1312 1054 1356 partem
1075 1308 1264 1356 primique
1292 1308 1452 1349 initium.
1483 1308 1572 1346 dum
1591 1309 1631 1346 in
1650 1308 1775 1356 bellis,

282 1385 381 1423 quae
402 1385 485 1411 cum
505 1374 647 1422 populo
667 1373 839 1410 Romano
863 1371 1106 1409 Mithridates
1127 1371 1241 1409 Ponti
1261 1382 1329 1409 rex
1349 1372 1478 1420 gessit,
1499 1372 1617 1419 periit
1645 1382 1778 1410 sacrae

279 1437 426 1474 insulae
444 1437 681 1484 prosperitas
703 1435 761 1472 bis
782 1434 955 1482 direptae
972 1445 994 1472 a
1014 1435 1115 1482 regis
1135 1434 1237 1472 illius
1257 1435 1420 1482 primum
1440 1434 1617 1482 ducibus,
1640 1433 1778 1473 deinde

280 1500 330 1538 ab
362 1501 442 1537 eius
473 1500 585 1537 sociis
614 1520 662 1525 -
691 1499 839 1545 piratis.
887 1497 992 1544 Quae
1022 1498 1195 1545 quamvis
1224 1499 1301 1536 sint
1328 1499 1401 1536 iam
1431 1499 1585 1546 saepius
1613 1498 1663 1537 ab
1691 1498 1777 1536 aliis

281 1566 519 1611 pertractata
554 1573 677 1609 neque
705 1562 791 1598 novi
827 1561 1030 1608 quicquam
1067 1560 1156 1598 addi
1191 1561 1330 1608 possit,
1366 1565 1494 1599 tamen
1522 1571 1678 1599 necesse
1707 1564 1778 1609 est,

283 1627 461 1675 quoniam
490 1625 636 1662 insulae
666 1625 767 1662 vices
795 1635 865 1671 per
893 1627 950 1660 tot
978 1624 1050 1661 iam
1081 1623 1236 1661 saecula
1263 1624 1457 1671 persecuti
1485 1635 1632 1670 sumus,
1662 1624 1777 1663 etiam

281 1694 470 1727 extremos
501 1689 581 1726 eius
610 1699 721 1726 casus
751 1687 919 1725 breviter
947 1687 1131 1725 enarrari.

955 2007 1106 2062 VIII.

387 2114 472 2153 Non
501 2128 576 2155 uno
605 2117 665 2155 die
695 2118 831 2156 cecidit
862 2131 972 2157 sacra
1000 2119 1129 2158 Delus.
1187 2120 1323 2158 Varios
1357 2131 1469 2159 casus
1511 2120 1602 2159 beni
1629 2119 1782 2159 Mithri-

283 2175 401 2214 datici
438 2190 618 2217 enarrare
648 2193 692 2218 eo
727 2183 845 2229 magis
874 2182 1023 2227 taedet,
1068 2183 1169 2230 quod
1205 2183 1299 2221 nihil
1332 2183 1381 2222 ad
1410 2183 1548 2223 Delum
1574 2184 1779 2232 pertinent.

288 2238 389 2277 Satis
419 2246 547 2279 notum
570 2248 639 2283 est.
671 2244 858 2291 quomodo
888 2257 955 2282 rex
987 2245 1100 2283 Ponti
1131 2246 1305 2284 omnibus
1325 2246 1418 2285 locis
1446 2247 1589 2295 populo
1609 2246 1781 2285 Romano

285 2303 502 2341 inimicitias
532 2306 698 2344 conflare
729 2307 919 2345 studuerit
951 2313 989 2345 et
1023 2320 1099 2356 qua
1139 2310 1287 2346 ratione
1322 2309 1476 2347 adiutus
1509 2308 1558 2347 ab
1586 2309 1781 2348 Aristione

285 2365 526 2414 philosopho,
570 2370 632 2416 qui
663 2375 800 2417 postea
828 2371 1063 2408 Athenarum
1100 2371 1357 2410 dominatione
1397 2373 1542 2420 potitus
1571 2377 1641 2419 est,
1682 2371 1782 2411 hanc

286 2429 477 2467 civitatem
506 2430 555 2467 ad
585 2431 834 2470 defectionem
864 2434 1077 2481 pellexerit.
1127 2434 1229 2472 Idem
1259 2434 1330 2472 hoc
1357 2435 1395 2472 in
1416 2434 1513 2473 Delo
1540 2435 1668 2473 insula
1695 2446 1781 2473 eum

287 2497 466 2530 conatum
495 2505 579 2531 esse
608 2493 747 2542 facere,
776 2495 939 2534 fortasse
968 2501 1010 2534 ut
1039 2497 1221 2536 Romanis
1250 2497 1302 2535 ibi
1331 2497 1594 2536 habitantibus
1622 2497 1781 2538 eandem

379 2649 439 2689 ¹⁶³)
465 2648 556 2683 Bull.
582 2648 614 2683 d.
641 2649 737 2684 Corr.
764 2650 855 2685 Hell.
876 2651 935 2694 VI,
955 2662 986 2695 p.
1005 2653 1072 2686 346
1089 2657 1126 2686 et
1143 2653 1220 2687 490.
1324 2652 1385 2694 ¹⁶⁴)
1409 2651 1577 2696 Lebogue
1604 2651 1781 2688 »Becher-

287 2705 391 2740 ches‹
420 2711 485 2740 etc.
512 2716 566 2741 no.
590 2709 601 2740 1
631 2711 665 2740 et
690 2710 720 2741 2.
823 2708 884 2747 ¹⁶⁵)
910 2709 1027 2751 Atque
1054 2707 1107 2742 bis
1134 2707 1224 2743 idem
1250 2728 1293 2734 —
1319 2707 1554 2754 Eutychides:
1581 2707 1695 2755 Ἀθήν.
1719 2708 1781 2753 lv,

290 2773 321 2806 p.
349 2765 411 2796 461
440 2768 476 2797 et
500 2765 575 2798 462.
