1979 3326
692 316 976 356 „17-

79 441 167 480 lites
206 444 354 480 tantum
407 441 594 488 gregarii:
643 439 892 488 quamobrem
942 450 1019 477 non
1065 438 1180 477 credo
1228 438 1414 478 audacius
1461 450 1590 487 agere,

81 505 115 543 si
154 504 223 543 hos
266 515 418 553 quoque
459 515 595 542 versus
646 504 936 552 interpolationi
981 503 1130 550 tribuo,
1180 514 1296 550 quum
1344 506 1382 540 et
1427 502 1467 539 in
1512 502 1592 540 Ho-

82 578 186 605 mero
223 570 439 615 grassatum
469 579 553 605 esse
581 566 779 604 Pisistrati
810 565 1011 603 arbitrium
1041 567 1118 603 iam
1147 564 1290 603 dudum
1320 566 1371 602 sit
1399 565 1593 612 cognitum

80 640 205 677 neque
243 629 291 667 ab
331 629 501 667 Homero
544 628 720 677 Cyclum,
770 640 882 676 quem
927 628 1124 675 appellare
1169 629 1457 675 consuevimus,
1509 640 1593 666 esse

81 692 359 740 segregandum
394 704 518 740 nuper
553 692 828 730 demonstrarit
856 691 1185 729 Wilamowitzius.
1243 689 1356 729 Certe
1386 691 1524 730 heroes
1552 691 1593 729 hi

81 754 192 793 ambo
220 755 319 793 male
348 758 437 793 sunt
465 766 488 793 a
514 755 640 803 poetis
670 754 801 801 habiti,
833 753 878 791 de
909 753 1048 801 quibus
1077 758 1235 801 praeter
1261 753 1423 793 fabellas
1445 755 1594 803 aliquot

81 818 287 856 amatorias
329 818 424 856 nihil
466 817 670 856 memoriae
712 816 948 855 tradiderint
988 828 1114 865 neque
1157 817 1366 866 quidquam
1409 817 1456 855 de
1504 829 1594 865 uno,

81 880 183 929 quod
217 892 295 919 non
331 881 378 920 de
413 882 534 920 altero
569 891 722 928 quoque
751 883 996 918 narraretur:
1033 892 1111 919 non
1147 881 1247 918 enim
1282 880 1427 918 habent
1461 879 1594 919 defini-

80 948 158 983 tam
193 955 301 982 suam
337 945 499 992 quisque
533 955 757 992 personam,
795 947 833 982 et
860 944 947 992 ipsa
984 944 1140 982 nomina
1176 955 1199 982 a
1233 947 1345 992 patre
1381 944 1467 992 ipso
1503 948 1594 982 sunt

81 1007 302 1056 desumpta,
339 1019 455 1055 quum
482 1002 827 1057 111111111(’Ἆκαμας)
857 1006 907 1045 ad
934 1019 996 1045 res
1026 1008 1110 1045 eius
1140 1006 1242 1045 bello
1272 1010 1400 1055 gestas
1430 1010 1591 1054 spectet,

80 1071 242 1109 alterum
281 1069 504 1120 (Δημοφῶν)
542 1070 591 1108 ad
626 1070 901 1108 democratiam
936 1070 984 1108 ab
1021 1082 1065 1108 eo
1104 1070 1266 1108 Athenis
1302 1071 1529 1108 institutam.
1543 1069 1593 1116 4⁵)

80 1135 209 1182 Atque
249 1133 345 1171 haec
381 1145 533 1181 quoque
576 1133 708 1172 fabula
742 1134 944 1172 Pisistrati
985 1134 1178 1182 ingenium
1220 1132 1385 1182 prodere
1427 1133 1591 1181 videtur,

83 1197 225 1245 quippe
272 1197 338 1244 qui
383 1196 525 1234 Thesei
571 1197 747 1245 exemplo
793 1197 906 1235 simul
946 1197 1188 1235 Athenarum
1235 1197 1431 1244 dominus,
1479 1197 1594 1235 simul

83 1260 341 1299 democratiae
363 1259 543 1299 defensor
573 1261 776 1298 exstiterit·
825 1260 987 1308 Quoquo
1016 1260 1128 1299 modo
1157 1271 1220 1298 res
1251 1271 1335 1297 sese
1363 1259 1493 1307 habet,
1522 1260 1595 1299 hoc

79 1336 151 1373 pro
179 1328 286 1363 certo
316 1325 510 1362 existimo:
540 1324 875 1363 Pisistratidarum
903 1324 1054 1362 deinum
1073 1327 1250 1372 tempore
1272 1322 1447 1360 Theseus
1467 1322 1592 1361 factus

83 1391 142 1426 est
172 1387 286 1426 heros
314 1387 448 1425 Ionum
478 1389 602 1435 gentis
638 1389 820 1436 proprius
857 1388 1173 1433 (Nationalheros
1209 1391 1253 1424 ut
1286 1387 1408 1425 nostri
1444 1385 1593 1433 dicunt)

81 1451 130 1490 ad
160 1451 448 1490 similitudinem
473 1451 652 1489 Herculis
673 1451 819 1498 Dorici,
849 1463 872 1489 a
901 1463 975 1499 quo
1012 1452 1128 1489 etiam
1157 1447 1260 1487 ἆθλα
1289 1450 1371 1488 91113
1401 1450 1592 1497 quaedam

80 1513 292 1563 repetenda
313 1513 472 1562 sunt,4⁶)
495 1517 533 1552 et
552 1514 718 1552 civitatis
742 1513 986 1552 Atheniensis
1006 1525 1076 1561 per
1099 1514 1377 1562 synoeeismum
1398 1513 1587 1560 conditor,

81 1577 190 1615 cuius
218 1577 274 1615 rei
303 1587 481 1625 magnum
503 1576 595 1614 mihi
615 1579 704 1614 sunt
725 1576 994 1615 documentum
1010 1576 1288 1615 Panathenaea
1308 1574 1357 1612 τὰ
1376 1575 1544 1626 μεγάλα,
1573 1587 1596 1614 a

170 1736 218 1778 4⁵)
243 1735 362 1770 Aliter
387 1738 494 1778 atque
520 1735 1040 1773 Wilamowitz-Moellendorf,
1072 1736 1134 1780 qui
1159 1736 1253 1771 unde
1281 1736 1350 1771 sibi
1375 1735 1599 1781 persuaserit

79 1793 192 1829 fuisse
217 1804 278 1829 eos
304 1793 472 1837 antiquos
505 1794 630 1838 populi
654 1794 932 1829 Atheniensium
957 1795 1105 1839 heroas,
1138 1799 1266 1838 postea
1298 1794 1440 1829 demum
1465 1792 1598 1827 Thesei

79 1850 172 1886 filios
205 1851 320 1886 factos
353 1851 571 1896 (Kydathen.
603 1863 637 1895 p.
673 1855 768 1896 101),
800 1852 939 1887 nescio:
972 1852 1060 1885 mihi
1091 1862 1305 1896 persuasum
1338 1856 1392 1885 est
1425 1851 1595 1893 antiquos

80 1919 163 1943 vere
188 1908 318 1944 heroas
343 1919 414 1943 non
439 1919 518 1943 esse
544 1919 702 1952 unquam
722 1909 905 1953 praeditos
923 1909 1127 1944 nominibus
1153 1909 1390 1953 etymologiae
1416 1914 1492 1943 tam
1517 1918 1596 1952 per-

81 1965 248 2010 spicuae3
275 1965 371 2009 quod
396 1965 504 2000 etiam
520 1965 558 1999 in
576 1966 838 2010 Demophontis
863 1976 1088 2001 successores
1107 1966 1272 2010 quadrat,
1298 1965 1412 2000 filium
1431 1964 1598 2009 Oxynten

81 2023 142 2066 (ab
168 2023 367 2061 ὀξύνεσθαι
391 2038 433 2053 =
458 2023 683 2058 exacerbari,
711 2028 746 2058 et
770 2029 920 2068 nepotes
947 2023 1140 2067 Apheidan
1165 2023 1341 2066 (ἀφειδεῖν
1361 2038 1404 2052 =
1422 2032 1492 2056 non
1518 2031 1599 2066 par-

82 2083 178 2123 cere)
203 2085 239 2116 et
264 2080 487 2125 Thymoeten
514 2082 735 2123 (θυμοῦσθαι
761 2095 802 2110 =
828 2080 985 2124 graviter
1010 2080 1145 2124 irasci),
1172 2090 1322 2123 quorum
1349 2079 1457 2114 etiam
1482 2089 1599 2113 mores

83 2148 164 2173 cum
188 2137 391 2172 nominibus
417 2137 641 2172 consensisse
675 2137 745 2171 iam
777 2137 822 2172 ab
854 2137 1011 2181 antiquis
1044 2136 1217 2171 traditur:
1253 2137 1359 2171 velim
1391 2143 1464 2171 tam
1493 2136 1598 2170 facile

83 2195 232 2230 heroum
249 2194 483 2238 genuinorum
501 2195 646 2228 nomina
664 2194 891 2239 explicentur
916 2216 957 2220 —
984 2194 1216 2229 Deucalionis
1243 2199 1278 2229 et
1294 2194 1474 2237 Herculis,
1500 2194 1598 2228 Iaso-

82 2252 139 2288 nis
166 2257 202 2287 et
225 2252 381 2287 Achillis
406 2252 631 2296 aliorumque
657 2252 982 2287 innumerabilium.

173 2310 219 2354 46)
252 2309 363 2344 Cuius
395 2309 449 2344 rei
484 2309 656 2354 optimum
686 2309 889 2353 exemplum
921 2314 974 2344 est
1002 2314 1129 2343 taurus
1161 2309 1220 2343 ille
1249 2309 1518 2352 Marathonius,
1557 2308 1601 2342 ab

83 2366 240 2402 Hercule
265 2366 497 2411 perdomitus.
535 2366 692 2401 Miratus
719 2377 796 2401 esse
818 2366 958 2401 videtur
984 2367 1175 2411 quispiam,
1201 2377 1264 2401 cur
1281 2366 1457 2401 Hercules
1483 2376 1601 2400 arces-

85 2424 216 2460 sendus
240 2423 381 2468 fuisset,
402 2424 431 2458 si
452 2435 555 2459 suum
574 2425 786 2459 habuissent
805 2425 984 2459 Theseum
1003 2425 1187 2459 Athenae:
1214 2424 1333 2469 patria
1351 2424 1487 2467 aberat,
1514 2434 1604 2468 puer

86 2481 275 2517 admodum
307 2480 404 2526 apud
434 2481 617 2517 Pittheum
651 2492 755 2516 avum
785 2482 966 2516 Troezene
997 2482 1162 2516 alebatur
1195 2486 1231 2516 et
1262 2486 1402 2516 tantum
1432 2481 1467 2514 in
1497 2481 1601 2525 pelle,

86 2540 210 2584 credo,
241 2538 410 2574 Herculis
438 2538 584 2574 leonina
609 2549 776 2583 magnum
802 2550 904 2574 suum
932 2539 1087 2573 animum
1114 2539 1335 2576 ostentabat:
1365 2544 1491 2583 postea
1520 2549 1602 2573 vero

87 2607 196 2642 quum
220 2596 363 2631 adultus
378 2595 541 2631 Athenas
560 2597 727 2640 venisset,
751 2597 836 2631 vicit
859 2596 966 2631 etiam
990 2601 1133 2630 taurum
1152 2595 1304 2631 eundem
1322 2595 1602 2639 Marathoniam,

88 2654 132 2690 ob
156 2654 250 2688 hanc
278 2652 445 2687 videlicet
473 2664 549 2688 rem
582 2654 626 2688 ab
656 2654 811 2689 Hercule
844 2654 995 2688 vinculis
1022 2654 1187 2689 solutum.
1247 2653 1355 2687 Aliud
1383 2653 1603 2697 exemplum:

88 2711 293 2756 Cerberum,
318 2709 482 2745 Plutonis
508 2721 650 2756 canoni,
677 2711 854 2746 abducere
881 2721 990 2746 ausus
1016 2716 1071 2745 est
1095 2711 1282 2754 Hercules,
1310 2710 1472 2745 Theseus
1498 2720 1604 2745 cona-

89 2772 147 2804 tus
173 2774 228 2804 est
251 2769 359 2814 potiri
384 2769 627 2814 Persephone,
653 2779 764 2804 uxore
789 2768 884 2812 regis
910 2768 1116 2803 inferorum.

166 2834 259 2864 ast.
295 2835 348 2862 1x.
388 2835 412 2859 1.
1308 2827 1329 2860 2
