1957 3326
988 629 1088 682 III.

389 752 679 789 Atheniensium
707 751 882 798 imperio,
910 761 995 787 cum
1023 751 1098 787 iam
1124 749 1189 786 diu
1218 748 1403 794 labasset,
1431 759 1456 786 a
1474 747 1676 795 Lysandro
1704 747 1791 786 fun-

286 814 388 851 ditus
418 826 563 859 everso,
593 817 745 851 constat
773 814 897 850 socios
926 823 1056 850 omnes
1077 811 1126 850 ab
1146 812 1222 849 illis
1243 810 1430 849 defecisse
1450 813 1607 858 praeter
1625 810 1788 858 Samios,

287 877 350 924 qui
381 880 552 914 extrema
586 876 736 923 perpeti
773 875 992 912 maluerunt
1020 885 1133 922 quam
1163 872 1327 912 adflictis
1355 872 1472 910 rebus
1504 883 1570 910 eos
1597 872 1789 919 deserere,

285 938 510 986 quibuscum
539 937 765 975 florentibus
801 938 1017 983 stetissent,
1053 940 1169 984 atque
1203 935 1253 973 ob
1281 935 1400 982 hanc,
1435 945 1549 982 quam
1583 936 1789 983 praestite-

285 1005 390 1047 rant,
426 1001 537 1038 fidem
567 1001 742 1038 eximiam
772 1000 901 1047 patria
929 999 1078 1046 expulsi
1114 999 1270 1035 summis
1299 1001 1388 1035 sunt
1422 996 1549 1035 affecti
1577 996 1788 1036 honoribus

287 1068 323 1101 et
352 1063 559 1101 commodis
589 1063 637 1101 ab
667 1062 958 1100 Atheniensium
988 1063 1154 1105 civitate,
1185 1061 1414 1108 simulatque
1443 1061 1503 1098 sui
1530 1061 1626 1100 iuris
1653 1073 1788 1101 rursus

285 1137 369 1163 esse
403 1127 550 1173 coepit,
587 1125 751 1162 Euclide
784 1124 1021 1170 archonte.¹)
1075 1124 1210 1172 Neque
1246 1123 1402 1161 dubium
1442 1126 1519 1170 est,
1560 1124 1653 1172 quin
1688 1124 1789 1164 Delii

285 1202 438 1238 quoque
467 1200 543 1226 non
573 1189 768 1225 civitatem
799 1187 921 1225 solum
949 1188 988 1224 in
1007 1187 1225 1224 libertatem
1246 1185 1454 1232 vindicare,
1483 1185 1552 1224 sed
1580 1186 1694 1225 etiam
1722 1199 1790 1236 pe-

285 1253 421 1289 cuniae
451 1261 586 1289 sacrae
615 1249 985 1288 administrationem
1004 1260 1236 1297 recuperare
1264 1248 1337 1287 hoc
1355 1252 1529 1296 tempore
1549 1250 1678 1288 conati
1698 1250 1787 1298 sint,

284 1318 320 1351 et
357 1313 590 1351 Plutarchus
625 1317 762 1350 auctor
797 1311 894 1357 est2)
939 1323 1005 1350 eos
1041 1323 1064 1350 a
1097 1312 1293 1350 Pausania
1327 1310 1563 1350 Cleombroti
1597 1310 1676 1350 filio
1711 1313 1788 1359 (vel

284 1378 412 1424 potius
448 1376 742 1421 Plistoanactis,
787 1375 852 1422 qui
887 1374 936 1412 ab
969 1386 1069 1413 anno
1098 1379 1171 1413 445
1206 1374 1257 1412 ad
1290 1385 1431 1412 annum
1466 1378 1540 1413 426
1577 1377 1616 1412 et
1648 1374 1788 1414 deinde

283 1440 331 1478 ab
361 1451 460 1477 anno
491 1443 564 1478 408
594 1438 643 1476 ad
673 1450 813 1476 annum
835 1443 909 1476 394
938 1437 1100 1486 Spartae
1120 1436 1352 1487 regnavit)⁸)
1380 1438 1576 1486 petivisse,
1603 1441 1648 1476 ut
1668 1437 1786 1476 Athe-

283 1503 471 1539 niensium
510 1502 768 1539 dominatione
802 1502 931 1549 patria
965 1501 1213 1547 liberaretur,
1255 1501 1362 1538 illum
1397 1503 1526 1539 autem
1560 1499 1787 1539 irridentem

283 1576 453 1612 rogasse,
483 1564 672 1612 quomodo
693 1564 858 1611 patriam
880 1564 1135 1611 appellarent,
1164 1563 1230 1602 ubi
1258 1575 1383 1612 neque
1410 1564 1516 1602 nasci
1535 1574 1661 1611 neque
1687 1563 1785 1601 mori

284 1628 338 1664 eis
368 1627 511 1664 liceret.
557 1627 642 1673 Qua
666 1626 866 1664 Plutarchi
895 1627 1117 1664 narratione
1146 1625 1402 1664 demonstrari
1430 1625 1634 1665 videbatur
1653 1626 1786 1665 Delios

284 1690 397 1726 etiam
426 1692 516 1736 post
540 1689 796 1726 Athenienses
825 1700 848 1727 a
868 1688 1183 1727 Lacedaemoniis
1211 1688 1381 1727 devictos
1408 1689 1448 1727 in
1476 1700 1607 1728 eorum
1635 1689 1787 1728 dicione

283 1752 514 1789 remansisse
549 1755 664 1799 atque
700 1756 759 1789 est
792 1751 980 1789 creditum
1016 1751 1064 1789 ab
1099 1750 1274 1789 omnibus
1307 1752 1400 1789 viris
1435 1750 1579 1799 doctis,
1614 1751 1738 1790 donec
1765 1764 1786 1790 e

282 1815 394 1852 titulo
415 1814 502 1852 Deli
532 1826 655 1862 nuper
683 1818 837 1862 reperto
866 1815 1101 1853 eontrarium
1127 1825 1287 1862 prorsus
1315 1813 1364 1852 ab
1394 1814 1584 1853 Homollio
1612 1817 1672 1852 est
1698 1825 1787 1862 pro-

284 1877 468 1921 batum-⁴)
512 1877 665 1925 Scripta
694 1882 783 1915 sunt
810 1878 848 1914 in
877 1877 1006 1925 lapide
1035 1881 1073 1915 et
1101 1887 1219 1924 supra
1245 1879 1284 1914 et
1309 1875 1412 1915 infra
1438 1875 1580 1916 fracto:
1609 1875 1674 1914 καὶ
1700 1875 1787 1914 θιόν

284 1940 347 1976 καὶ
377 1938 493 1990 ναῘῦν
520 1939 584 1976 καὶ
609 1939 808 1991 χρεμάτον
843 1941 908 1975 τῦν
943 1943 987 1976 τῦ
1019 1937 1081 1975 &ab
1115 1961 1164 1966 —
1199 1939 1293 1977 haec
1326 1942 1365 1978 et
1391 1939 1612 1978 litteratura
1638 1944 1679 1978 et
1705 1939 1786 1978 dia-

284 2005 384 2042 lecto
420 2004 610 2049 laconica,
648 2003 784 2040 ionicis
817 2002 955 2040 deinde
988 2003 1127 2039 litteris
1163 2013 1295 2049 regum
1327 2001 1464 2050 Agidis
1497 2005 1537 2039 et
1567 2001 1785 2042 Pausaniae

283 2067 438 2104 nomina
479 2066 786 2114 ephororumque
829 2066 1018 2113 quinque,
1060 2063 1317 2111 Thyionidae,
1354 2064 1671 2113 Aristogenidae,
1712 2065 1786 2104 Ar-

283 2129 447 2175 chistae,
478 2129 659 2177 Sologae,
689 2128 894 2175 Phedilae,
925 2129 964 2165 in
992 2127 1120 2166 infimo
1149 2127 1316 2176 denique
1350 2128 1521 2176 margine
1549 2127 1708 2176 lapidis:
1742 2125 1785 2165 ἐν

284 2190 394 2241 Δήλῳ
415 2188 567 2242 Ιῆρχε]ν
588 2191 623 2228 Λ
638 2214 686 2218 -
703 2214 750 2218 -
767 2213 816 2218 -
831 2213 891 2226 -.
933 2191 1108 2228 Fuerunt
1135 2191 1252 2237 igitur
1277 2189 1423 2228 decreti
1443 2189 1614 2228 eiusdem
1640 2190 1680 2227 in
1707 2201 1784 2229 uno

284 2254 411 2302 lapide
441 2254 516 2291 duo
546 2254 792 2302 exemplaria,
822 2254 1032 2291 laconicum
1067 2263 1197 2296 unum,
1225 2252 1388 2290 alterum
1417 2253 1596 2299 ionicum,
1625 2255 1785 2291 exarata

283 2316 332 2354 ad
362 2316 649 2353 similitudinem
677 2317 910 2353 monumenti
939 2315 1076 2363 Sigeei,
1105 2325 1267 2363 quorum
1292 2314 1432 2362 prioris
1461 2316 1670 2352 extremam
1696 2324 1783 2362 par·

283 2383 377 2424 tem,
421 2379 580 2416 alterius
622 2379 771 2416 initium
809 2383 961 2416 servata
1002 2378 1195 2416 habemus.
1251 2377 1378 2424 Atque
1412 2377 1629 2415 certissima
1664 2377 1782 2415 ratio·

284 2442 475 2479 cinatione
511 2441 723 2479 Homollius
757 2454 777 2479 e
813 2442 963 2479 nomine
1000 2440 1196 2478 archontis
1231 2439 1304 2484 (vel
1340 2439 1439 2477 alius
1473 2438 1671 2478 cuiusdam
1703 2449 1782 2477 ma-

283 2505 490 2551 gistratus)
544 2503 701 2550 deliaci,
754 2503 856 2551 quod
909 2504 946 2540 in
1000 2502 1217 2540 documenti
1269 2502 1395 2549 capite
1446 2501 1632 2550 scriptum
1685 2505 1782 2549 erat,

376 2636 404 2677 ¹)
430 2634 466 2667 C.
483 2633 510 2668 1.
523 2633 565 2666 A.
592 2632 638 2675 II,
668 2634 721 2667 lb.
859 2631 889 2676 ²)
916 2631 1097 2666 Plutarch.
1124 2631 1306 2676 Apophth.
1333 2630 1464 2666 Lacon.
1494 2633 1545 2665 15.

374 2691 403 2731 ³)
429 2690 480 2724 Cf.
499 2689 681 2733 d'Orville,
706 2689 906 2724 Miscellan.
922 2688 1210 2733 ()bservatt.VII,
1228 2699 1261 2732 p.
1276 2690 1330 2723 22.
1467 2688 1499 2731 ⁴)
1524 2685 1617 2721 Bull.
1634 2685 1668 2722 d.
1682 2686 1780 2721 Corr.

284 2747 376 2781 Hell.
394 2746 456 2790 111,
483 2756 516 2790 p.
539 2749 578 2781 12
592 2756 668 2789 sqq.
