1979 3326
770 288 1082 328 —199—

172 411 374 458 athenaea,
403 415 446 449 ut
472 411 547 449 iam
577 411 668 457 dixi,
697 410 868 448 Athenas
898 410 1084 457 ducenda,
1113 411 1162 449 ab
1190 412 1492 450 Atheniensibus
1523 424 1679 460 quoque

171 475 267 522 ipsis
285 473 398 512 laude
425 473 582 521 publica
607 477 822 520 ornaretur,
851 473 966 521 idque
988 473 1129 511 factum
1159 485 1242 511 esse
1264 474 1529 512 demonstrant
1561 475 1679 513 verba

173 537 286 575 titulo
322 537 513 575 subiecta:
557 534 801 586 ἐπεψηφίσθη
832 535 896 572 καὶ
932 534 1107 586 Ἀθήνησι.
1166 535 1343 575 Ceterum
1380 538 1455 575 iarn
1494 537 1678 575 Boeckhii

172 602 300 638 aetate
328 600 520 647 cognitum
550 603 635 637 erat
669 599 772 637 aliud
802 599 1066 636 cleruchorum
1097 599 1370 646 decretumst)
1407 600 1471 637 ubi
1502 601 1608 638 nulla
1634 599 1679 637 fit

170 661 462 710 approbationis
490 661 578 699 talis
607 662 760 707 mentio,
789 665 906 708 atque
934 672 1048 708 nunc,
1078 672 1161 699 cum
1193 673 1373 699 numerus
1404 673 1534 699 eorum
1564 663 1673 700 novis

170 725 336 772 repertis
364 728 499 762 auctus
529 727 598 770 est,
628 722 881 762 confidentius
903 725 1017 761 etiam
1046 735 1269 762 asseverare
1289 735 1494 772 possumus
1524 726 1678 763 minime

169 787 256 825 illos
284 788 324 825 in
351 787 467 825 rebus
496 787 576 825 suis
605 786 918 825 administrandis
948 787 1046 825 hanc
1065 788 1253 825 rationem
1284 789 1393 835 sequi
1422 788 1556 826 solitos
1579 799 1674 826 esse.

275 849 351 888 Sed
379 851 418 887 in
439 850 516 888 alia
544 850 769 897 quaestione
798 860 881 886 cum
903 849 952 887 ad
980 849 1076 887 haec
1095 849 1253 888 decreta
1280 851 1500 898 pertinente
1528 854 1609 888 tum
1628 850 1678 888 ad

169 917 290 952 totam
311 912 529 950 cleruchiae
550 911 721 950 deliacae
750 911 991 960 disciplinam
1012 912 1282 950 illustrandam
1314 913 1469 951 maximi
1497 914 1676 951 momenti

169 976 228 1014 vir
255 975 319 1013 ille
350 986 497 1014 summa
525 986 676 1023 semper
703 976 850 1023 pietate
880 975 1063 1013 colendus
1094 987 1263 1014 errorem
1284 975 1450 1023 admisit,
1481 987 1564 1013 cum
1595 987 1676 1014 cre-

171 1037 282 1076 deret
309 1039 533 1085 archontes,
570 1049 731 1086 quorum
760 1039 916 1076 nomina
945 1038 1181 1086 singulorum
1211 1038 1454 1076 decretorum
1484 1040 1522 1076 in
1551 1040 1676 1086 capite

168 1102 260 1150 poni
288 1101 466 1140 solebant
493 1098 570 1146 (ἐπὶ
599 1101 665 1137 τοῦ
693 1099 797 1137 δεῖνα
826 1098 1020 1152 ἄρχοντος
1048 1102 1216 1138 omnium
1248 1105 1306 1139 est
1334 1101 1562 1148 exordium),
1593 1113 1677 1139 esse

168 1175 244 1203 non
270 1165 474 1202 universae
509 1165 677 1202 civitatis
705 1163 954 1201 Atheniensis
990 1164 1240 1211 magistratus
1272 1163 1467 1211 publicos,
1504 1164 1572 1201 sed
1601 1164 1675 1202 cle—

167 1227 326 1265 ruohiae
346 1227 518 1265 deliacae
538 1225 776 1274 proprios85)
806 1227 1114 1273 sententiamque
1135 1237 1243 1264 suam
1271 1225 1437 1273 probare
1467 1231 1676 1265 conaretur

167 1291 217 1329 ad
237 1291 389 1328 titulum
411 1290 600 1338 quendam
622 1289 869 1328 Salaminium
896 1289 1155 1338 provocando,
1184 1290 1249 1327 ubi
1269 1290 1415 1327 archon
1436 1289 1673 1338 reipublicae

169 1365 381 1402 eponymus
408 1354 535 1392 verbis
565 1350 606 1390 ἐν
633 1351 745 1389 ἄστει
779 1353 939 1391 adiectis
968 1352 1271 1400 distingueretur
1305 1353 1354 1391 ab
1384 1353 1568 1391 archonte
1599 1353 1674 1391 cle-

168 1416 444 1463 ruchorum.⁸⁵)
517 1415 628 1463 Quod
675 1415 812 1454 falsum
854 1427 938 1453 esse
988 1419 1076 1463 post
1122 1416 1453 1462 Neubauerumffl)
1502 1416 1674 1454 Dumont

169 1480 312 1528 optime
332 1479 526 1526 docuit,⁸⁸)
554 1482 658 1517 recte
679 1478 809 1516 dicens
829 1479 868 1516 in
895 1479 1008 1516 titulo
1030 1479 1221 1516 Salamine
1243 1480 1399 1526 scripto,
1428 1479 1495 1516 ubi
1524 1479 1669 1517 archon

167 1543 349 1590 proprius
377 1542 568 1589 exstabat,
597 1542 817 1580 necessario
843 1541 963 1579 verba
990 1538 1031 1578 ἐν
1058 1538 1168 1578 ἄστει
1197 1541 1411 1589 adicienda,
1440 1543 1480 1579 in
1509 1542 1668 1580 deliacis

167 1616 256 1643 vero
292 1604 458 1643 decretis
492 1616 653 1652 prorsus
687 1605 840 1643 inutilia
867 1603 1005 1651 fuisse,
1043 1606 1224 1653 quoniam
1258 1605 1385 1643 insula
1421 1617 1496 1643 non
1533 1605 1582 1642 ab
1612 1616 1674 1642 ar-

163 1667 322 1714 chonte,
365 1666 433 1705 sed
471 1667 519 1706 ab
556 1668 762 1715 epimeleta
799 1667 1152 1714 administram—etum
1195 1672 1310 1715 atque
1349 1668 1571 1715 archontes,
1608 1669 1672 1716 qui

166 1731 207 1768 in
235 1730 402 1770 decretis
431 1731 697 1769 cleruchorum
727 1730 962 1769 deliacorum
991 1735 1216 1777 occurrunt,
1254 1743 1337 1769 esse
1367 1742 1505 1769 revera
1534 1732 1672 1769 atticos

165 1791 406 1832 confirmavit
432 1795 550 1832 variis
578 1794 673 1832 locis
704 1794 1019 1832 dissertationum
1049 1806 1203 1832 suarum
1225 1794 1272 1831 de
1301 1793 1410 1832 fastis
1440 1795 1672 1832 atheniensi-

164 1855 254 1902 bus,
296 1855 362 1894 ubi
398 1856 531 1894 eadem
565 1857 720 1894 nomina
754 1860 792 1893 et
826 1856 915 1893 Deli
951 1860 989 1894 et
1023 1856 1186 1894 Athenis
1227 1857 1391 1894 inveniri
1426 1861 1504 1894 tam
1542 1856 1671 1894 multis

165 1919 352 1967 exemplis
393 1919 689 1967 demonstravit,
732 1923 774 1957 ut
816 1920 922 1958 nulla
961 1921 1036 1958 iam
1072 1919 1118 1957 de
1156 1919 1229 1957 hac
1271 1931 1312 1956 re
1354 1918 1543 1957 dubitatio
1585 1930 1670 1957 esse

163 1980 357 2030 possit.⁸⁹)
418 1981 527 2020 Nova
562 1982 728 2031 denique
765 1982 994 2020 documenta
1031 1981 1298 2029 epigraphica,
1345 1981 1533 2029 siquidem
1573 1993 1669 2028 opus

165 2048 243 2092 est,
286 2045 500 2083 Homollius
542 2046 672 2084 attulit
709 2046 748 2083 in
785 2045 934 2084 duabus
975 2045 1022 2083 de
1064 2045 1136 2084 hac
1171 2057 1212 2083 re
1255 2043 1667 2085 dissertationibus.⁹⁰)

252 2216 299 2259 84)
324 2215 362 2251 G.
375 2215 403 2250 Ι.
417 2215 460 2250 G.
482 2217 555 2250 108.
701 2216 748 2259 ⁸⁵)
774 2215 930 2251 Boeckh.
958 2222 1144 2251 comment.
1172 2215 1217 2250 ad
1244 2216 1280 2251 C.
1296 2215 1322 2250 1.
1339 2216 1380 2250 G.
1401 2219 1507 2254 2270:
1544 2215 1668 2250 eodem

161 2273 265 2309 modo
289 2273 362 2308 iam
386 2277 468 2308 ante
493 2283 574 2308 eum
597 2272 770 2308 iudicavit
795 2273 978 2308 Corsinius
997 2273 1109 2315 (Fast.
1128 2273 1268 2308 Hellen.
1294 2274 1320 2312 Ι,
1348 2285 1380 2318 p.
1399 2276 1497 2310 370):
1524 2278 1668 2307 secutus

162 2335 218 2366 est
241 2340 302 2366 eos
327 2330 494 2374 Bursian,
521 2329 723 2375 Geograph.
744 2330 947 2365 Griechenl.
974 2331 1019 2374 II,
1046 2342 1078 2375 p.
1097 2332 1175 2366 457.
1313 2330 1360 2370 ⁸⁶>
1386 2330 1422 2365 C.
1438 2330 1463 2364 1.
1480 2330 1520 2364 G.
1545 2332 1606 2364 108
1626 2345 1667 2359 =

163 2387 201 2424 C.
215 2387 242 2422 1.
256 2387 300 2422 A.
317 2386 364 2431 11,
388 2389 466 2423 594.
636 2387 683 2430 87)
709 2387 750 2422 In
775 2387 1142 2423 Commentationibus
1168 2387 1436 2432 Epigraphicis‚
1463 2397 1554 2430 (luae
1580 2386 1666 2420 mihi

161 2455 232 2480 non
257 2448 401 2489 praesto
425 2443 581 2480 fuerunt.
690 2445 737 2486 ⁸⁸)
763 2444 938 2480 Nouveau
963 2445 1143 2487 memoire‚
1169 2457 1203 2489 p.
1225 2448 1274 2480 19.
1385 2445 1429 2483 89)
1459 2444 1531 2478 »La
1557 2443 1666 2478 Chro-

161 2501 302 2547 nologie
340 2501 555 2537 athenienne
589 2501 611 2536 a
642 2501 790 2537 Delos-2
829 2502 914 2537 Rev.
954 2502 1155 2546 archeolog.
1188 2502 1306 2537 XXVI
1339 2504 1477 2544 (1873).
1523 2512 1553 2545 p.
1581 2502 1665 2536 257:

163 2558 291 2594 »Essai
326 2569 389 2595 sur
424 2559 460 2594 la
492 2559 729 2603 Chronologie
767 2558 830 2594 des
867 2559 1057 2594 archontes
1090 2560 1278 2594 atheniens
1316 2559 1534 2604 posterieurs
1573 2557 1593 2590 a
1631 2557 1665 2591 la

161 2615 318 2651 CXXII¹³
349 2616 579 2662 Olympiade«
607 2621 643 2651 et
669 2615 863 2651 »Nouveau
889 2616 1057 2651 memoire
1084 2627 1144 2651 sur
1168 2616 1204 2651 la
1229 2615 1465 2658 Chronologie
1491 2622 1577 2649 em«

250 2673 299 2715 ⁹⁰)
325 2673 582 2718 ›Supplement
596 2672 619 2708 a
634 2673 670 2708 la
687 2673 923 2717 Chronologie
949 2673 1012 2708 des
1029 2673 1220 2709 archontes
1238 2673 1424 2708 atheniens
1445 2673 1664 2716 poster-ienis

161 2729 184 2765 a
207 2729 243 2765 la
267 2729 425 2765 CXXII·
456 2729 708 2775 Olympiadem
746 2729 838 2764 Bull.
865 2730 897 2764 d.
925 2730 1021 2765 Corr.
1050 2730 1142 2765 Hell.
1168 2730 1229 2774 lv,
1255 2741 1287 2774 p.
1313 2732 1497 2764 182—191.
1550 2729 1662 2764 »Note
