1979 3326
707 305 961 346 -9-

78 443 145 474 νος
178 431 432 480 appellatam,
471 442 570 478 quae
607 430 833 479 ambagibus
872 431 951 470 suis
986 429 1199 468 flexuosam
1226 430 1456 479 Labyrinthi
1490 431 1591 468 viam

79 495 307 533 imitaretur.
365 494 471 541 Quae
508 506 624 542 quum
659 495 787 533 omnia
821 496 897 533 iam
927 493 1196 540 Gilbertius28)
1233 494 1507 532 demonstrarit
1541 493 1590 530 ab

79 557 382 596 Atheniensibus
412 569 497 595 esse
525 556 634 604 ficta,
666 561 731 595 »ut
759 558 906 605 gloriae
936 557 1077 594 atticae
1107 556 1305 604 augendae
1335 557 1525 595 servirent
1553 559 1592 594 et

76 622 218 660 Delum
251 623 328 660 iam
360 623 623 660 vetustissimo
652 626 826 669 tempore
854 622 894 658 in
921 624 1118 669 potestate
1147 620 1443 663 Atheniensium
1471 618 1590 656 fuisse

82 685 366 733 ostenderent,«
399 697 660 733 geranumque
691 685 939 723 saltationem
967 696 1044 722 non
1064 684 1205 722 Thesei
1236 695 1399 731 errores,
1430 683 1498 721 sed
1517 682 1592 720 La-

75 752 192 788 tonae
229 749 483 797 parturientis
518 749 662 787 imitari
697 748 892 794 docuerit,
927 759 1004 785 non
1037 747 1180 793 habeo,
1221 746 1323 795 quod
1351 746 1479 784 verbis
1509 746 1591 783 eius

81 811 279 858 adiiciam,
316 812 391 850 nisi
426 822 512 849 cum
545 811 842 860 Erysichthonis
878 810 1047 857 theoria,
1082 821 1167 847 mea
1203 809 1359 858 quidem
1387 809 1591 854 sententia,

77 875 180 914 dona
199 887 352 923 quoque
372 874 728 923 Hyperboreorum,
750 886 848 922 quae
869 873 1112 920 dicebantur,
1143 885 1226 911 esse
1255 872 1461 920 iungenda,
1491 883 1591 919 quae

78 938 336 977 Athenienses
366 939 498 984 (aliter
526 943 642 986 atque
661 938 782 984 Delii)
811 937 1025 975 narrabant
1044 936 1183 974 Delum
1211 937 1414 984 pervenire
1442 935 1591 972 Prasiis

77 1001 259 1049 advecta,
300 1001 369 1040 illo
405 1002 491 1049 ipso
528 1013 575 1039 ex
610 1001 774 1049 oppido,
815 1000 882 1038 ubi
917 1000 1241 1048 Erysichthonem
1278 999 1471 1046 sepultum
1506 1009 1591 1036 esse

77 1065 294 1104 Pausanias
321 1063 555 1111 tradidit.2⁹)

182 1128 266 1175 Quo
301 1128 454 1176 quidem
489 1131 663 1175 tempore
699 1127 767 1165 has
796 1125 948 1165 fabulas
983 1127 1092 1164 fictas
1122 1137 1207 1164 esse
1236 1125 1460 1172 credamus,
1495 1125 1592 1162 certi

77 1191 173 1229 nihil
201 1191 277 1229 diei
312 1195 450 1239 potest.
508 1190 767 1228 Crediderunt
802 1191 912 1227 multi
946 1190 1019 1227 viri
1047 1189 1150 1227 docti
1181 1189 1335 1226 Thesea
1371 1200 1449 1226 non
1477 1193 1593 1227 antea

82 1255 244 1293 Athenis
272 1254 512 1299 inclaruisse,
543 1265 658 1301 quam
678 1265 767 1291 ossa
795 1254 876 1291 eius
905 1264 928 1291 a
957 1252 1113 1290 Cimone
1136 1252 1254 1300 Scyro
1283 1252 1410 1290 insula
1430 1252 1593 1290 advecta

80 1321 210 1355 essent
244 1321 282 1355 et
315 1318 399 1365 ipse
433 1317 550 1355 heros
594 1316 877 1364 quodammodo
918 1316 1228 1364 amphictyoniae
1265 1315 1591 1353 attico-deliacae

80 1380 204 1428 fieret,
225 1381 435 1428 eodemque
455 1384 630 1428 tempore
655 1378 839 1418 confictas
860 1391 1003 1426 omneS,
1025 1391 1121 1428 quas
1142 1379 1234 1427 dixi,
1264 1380 1438 1427 aliasque
1458 1389 1592 1416 narra-

79 1445 204 1482 tiones
239 1443 290 1482 ad
318 1456 404 1481 eum
431 1444 691 1492 pertinentes,
729 1449 845 1491 atque
881 1455 1059 1491 magnum
1089 1444 1202 1481 huius
1238 1444 1295 1481 rei
1330 1443 1590 1480 testimonium

79 1508 345 1556 repetiverunt
364 1518 387 1545 a
405 1506 539 1545 tabula
566 1507 634 1544 illa
652 1507 819 1544 Miconis
849 1507 1076 1554 clarissima,
1107 1519 1183 1555 qua
1215 1507 1389 1545 Theseus
1419 1506 1468 1544 ab
1497 1506 1587 1543 Am-

76 1571 236 1619 phitrite
257 1580 452 1617 coronam,
470 1570 624 1617 imperii
644 1570 791 1607 scilicet
810 1571 992 1608 maritimi
1011 1570 1163 1617 pignus,
1197 1571 1390 1617 accipiens
1413 1569 1590 1616 depictus

79 1633 235 1681 erat,³⁰)
272 1634 381 1671 cuius
408 1632 566 1671 tabulae
601 1633 713 1680 quasi
740 1633 941 1671 imminuta
968 1633 1094 1679 imago
1124 1637 1297 1670 exstaret
1326 1633 1366 1669 in
1400 1637 1492 1670 nota
1525 1633 1592 1669 illa

79 1697 300 1745 Euphronii
318 1697 479 1744 pictoris
508 1696 650 1743 phiala.
707 1695 785 1733 Sed
806 1708 922 1744 quum
951 1697 1168 1734 novissimis
1190 1697 1522 1744 explorationibus
1552 1697 1592 1733 in

80 1760 253 1808 acropoli
277 1759 520 1797 Athenarum
547 1758 659 1797 factis
687 1760 790 1797 inter
818 1759 914 1797 alias
942 1760 1214 1807 inscriptiones
1244 1761 1354 1798 bellis
1384 1761 1591 1798 Persarum

79 1824 318 1871 antiquiores
345 1824 565 1871 Euphronii
593 1835 746 1872 quoque
777 1823 970 1862 dedicatio
999 1825 1155 1862 inventa
1185 1825 1248 1871 sit,
1277 1836 1436 1862 necesse
1467 1828 1525 1861 est
1555 1827 1593 1860 et

78 1886 180 1924 huno
221 1887 409 1934 pictorem
441 1887 596 1925 Micone
630 1888 880 1925 vetustiorem
917 1898 1000 1925 esse
1038 1891 1075 1924 et
1109 1888 1214 1925 illam
1255 1888 1302 1926 de
1337 1888 1591 1936 Amphitrites

78 1959 222 1987 corona
248 1947 417 1987 fabulam
446 1950 519 1987 iam
550 1951 705 1987 saeculo
734 1955 844 1987 sexto
873 1950 1079 1987 exstitisse.
1137 1950 1243 1996 Quae
1273 1962 1388 1998 quum
1419 1952 1473 1988 ita
1502 1952 1608 1996 sint,-

80 2023 306 2060 persuasum
337 2012 460 2051 habeo
495 2017 668 2061 tempore
699 2013 1053 2060 Pisistratidarum,
1090 2024 1112 2051 a
1141 2013 1279 2061 quibus
1309 2014 1467 2052 Homeri
1502 2025 1592 2060 poe-

79 2079 183 2113 mata
212 2075 386 2113 versibus
414 2076 562 2124 aliquot
595 2077 634 2113 in
670 2077 853 2114 maiorem
881 2076 1120 2113 Athenarum
1156 2077 1316 2123 gloriam
1354 2077 1591 2124 interpolata

79 2142 249 2186 constat,
283 2142 383 2176 teste
412 2138 628 2177 Dieucbida
661 2139 903 2186 Megarensi,
941 2140 1055 2176 etiam
1085 2151 1216 2177 omnes
1251 2139 1331 2178 fere
1362 2139 1512 2178 fabulas
1541 2139 1591 2178 ad

79 2201 233 2239 Thesea
258 2201 499 2248 pertinentes
528 2200 711 2240 confictas
741 2202 802 2239 vel
830 2202 966 2240 saltem
994 2202 1170 2240 Athenas
1199 2204 1421 2241 translatas.
1479 2202 1591 2250 Quod

78 2266 123 2301 ut
155 2264 338 2311 sentiam,
376 2275 421 2302 ea
448 2265 690 2312 potissimum
718 2276 760 2301 re
790 2264 980 2310 adducor,
1019 2265 1121 2312 quod
1149 2265 1422 2304 Pisistratidae
1453 2269 1489 2304 et
1524 2266 1591 2302 im-

78 2326 228 2374 perium
261 2327 494 2365 maritimum
527 2327 640 2374 primi
667 2328 902 2375 appetivisse
931 2331 969 2365 et
998 2327 1136 2366 Delum
1170 2329 1335 2366 insulam
1371 2330 1482 2376 quasi
1518 2329 1591 2367 sibi

80 2387 285 2427 obnoxiam
313 2388 477 2428 reddere
506 2394 665 2428 conatos
695 2401 779 2428 esse
808 2389 998 2437 videntur,
1028 2391 1075 2428 de
1105 2402 1180 2439 quo
1209 2390 1309 2430 infra
1339 2396 1485 2439 agetur.

170 2540 218 2579 ²⁸)
243 2541 404 2586 Deliaca,
429 2553 462 2586 p.
480 2544 582 2576 3—4.

173 2598 220 2642 ²⁹)
243 2598 399 2634 Pausan.
426 2599 453 2643 Ι,
479 2601 534 2643 31,
559 2602 591 2634 2.
633 2599 746 2643 Quam
773 2599 984 2644 Toepfferus
1010 2611 1126 2645 nuper
1151 2601 1194 2636 (le
1220 2601 1484 2645 Erysichthone
1510 2611 1590 2645 pro—

82 2655 167 2690 tulit
191 2655 408 2691 sententiam
433 2656 569 2699 (Herm.
587 2656 720 2701 XXIII,
739 2668 771 2700 p.
790 2656 928 2701 328ff.),
954 2667 1024 2691 non
1049 2668 1194 2702 possum
1221 2658 1254 2692 ei
1281 2658 1448 2693 assentiri
1473 2658 1590 2702 plane,

82 2711 146 2747 sed
170 2712 271 2748 locus
296 2711 397 2748 deest
421 2712 465 2748 de
490 2713 559 2748 hac
583 2724 622 2748 re
649 2713 867 2758 disputandi.

172 2768 220 2813 ⁸0)
241 2769 397 2806 Pausan.
423 2771 452 2816 1,
480 2773 532 2816 17,
557 2774 588 2807 3.
