1979 3326
791 320 1100 360 —147-

191 447 348 492 praesto
376 448 527 491 essent,
565 444 669 491 quod
696 444 745 482 ab
774 444 992 491 hieropoeis
1029 443 1090 481 vel
1118 443 1391 491 quaestoribus
1422 445 1538 482 variis
1567 443 1702 483 officiis

196 507 394 554 occupatis
421 518 470 544 ne
497 506 688 554 postulari
725 506 877 554 quidem
907 510 1081 553 poterat,
1117 512 1155 543 et
1183 507 1216 543 si
1253 507 1338 554 quis
1367 507 1518 546 tardior
1552 512 1636 545 erat
1663 509 1702 544 in

194 568 336 607 debitis
356 569 576 616 reddendis,
605 570 749 607 maiore
770 570 911 616 peritia
939 569 1084 606 eumin
1112 570 1195 606 iure
1215 575 1556 617 persequerentur,
1587 581 1701 618 quam

193 637 420 680 quaestores
449 632 509 670 vel
535 632 735 679 hieropoei
770 632 996 679 saepissime
1032 633 1072 669 in
1107 631 1285 678 litigandi
1322 637 1404 670 arte
1433 633 1558 670 minus
1588 643 1697 670 exer-

192 696 314 734 citati.
376 695 489 742 Ipsos
526 699 653 732 autem
689 695 804 732 credo
840 706 985 732 summo
1022 694 1150 732 studio
1187 706 1411 743 summaque
1447 695 1702 733 aemulatione

192 758 267 797 hoc
294 759 547 806 negotiatoris
575 758 721 805 publici
750 762 789 795 et
815 769 953 795 munus
974 762 1013 795 et
1040 769 1177 795 nomen
1197 758 1446 805 appetivisse,
1477 769 1575 806 quae
1605 759 1700 805 ipsis

192 832 346 870 quoque
375 821 424 859 ad
451 833 515 859 res
544 832 634 859 suas
663 820 851 868 gerendas
881 821 1044 858 maxime
1072 820 1326 868 prodessent,
1365 832 1450 858 cum
1480 822 1595 858 etiam
1622 821 1702 868 pri—

190 885 268 922 vati
299 884 493 931 homines,
522 885 555 922 si
583 884 796 931 trapezitae
825 882 960 921 officiis
989 883 1174 931 egebant,
1212 883 1317 921 illum
1349 884 1592 931 potissimum
1622 884 1702 921 adi-

191 951 292 993 rent,
322 947 384 984 cui
403 946 558 994 publice
586 946 762 984 viderent
789 945 901 984 fidem
921 947 1124 984 maximam
1154 946 1300 984 haberi.
1347 946 1484 994 Neque
1506 947 1698 984 civitatem

193 1010 249 1048 eis
277 1011 482 1058 quicquam
510 1021 581 1057 pro
612 1008 766 1056 officiis,
796 1021 894 1057 quae
923 1009 1194 1056 praestabant,
1223 1008 1455 1056 pependisse
1484 1014 1601 1056 puto,
1632 1008 1701 1047 sed

190 1073 387 1110 remisisse
414 1072 630 1110 mercedem
665 1083 736 1120 pro
771 1072 913 1110 tabulis
948 1073 987 1109 in
1015 1072 1170 1120 publico
1206 1072 1343 1119 positis
1382 1071 1622 1118 solvendam,
1659 1076 1703 1109 ut

193 1135 478 1183 quadringenas
514 1135 736 1182 drachmas,
772 1147 871 1183 quae
909 1136 1114 1183 quotannis
1149 1136 1189 1172 in
1223 1134 1439 1172 rationibus
1479 1134 1702 1172 scribuntur

193 1198 464 1245 quaestoribus
500 1197 573 1234 ἀπὸ
609 1197 807 1247 τραπεζῶν
840 1210 984 1246 pensae
1020 1203 1058 1235 et
1093 1198 1309 1246 aequaliter
1342 1199 1444 1234 inter
1480 1207 1630 1234 sacrum
1663 1201 1701 1234 et

190 1259 387 1308 publicum
407 1261 599 1298 aerarium
629 1260 941 1306 distributae,¹3⁸)
972 1260 1126 1298 credam
1145 1260 1308 1298 rediisse
1329 1271 1375 1297 ex
1402 1259 1565 1296 aliorum
1585 1271 1701 1307 nego-

189 1323 374 1361 tiatorum
408 1324 569 1370 mensis,
606 1334 765 1371 quorum
796 1323 884 1361 Deli
918 1328 1022 1361 certe
1058 1324 1153 1361 satis
1190 1334 1348 1370 magnus
1386 1327 1470 1360 erat
1506 1333 1699 1360 numerus.

189 1385 351 1422 Minime
387 1385 544 1423 dubium
574 1390 651 1431 est,
688 1387 781 1433 quin
811 1387 1018 1433 quotannis
1053 1386 1092 1422 hi
1127 1387 1389 1433 negotiatores
1426 1387 1592 1422 omnium
1629 1397 1695 1433 pe-

191 1449 410 1491 cuniarum,
447 1459 543 1495 quas
571 1449 610 1485 iu
639 1449 815 1486 manibus
844 1449 1059 1495 habebant,
1096 1449 1267 1486 rationes
1302 1447 1465 1486 reddere
1494 1447 1699 1486 debuerint

192 1511 360 1548 civitatis
380 1511 683 1558 magistratibus.
728 1511 896 1558 Quarum
918 1513 1111 1550 rationum
1132 1511 1351 1559 exemplum
1371 1522 1487 1547 unum
1509 1511 1700 1548 invenisse

192 1572 408 1611 Homollius
436 1573 510 1610 sibi
538 1574 641 1611 visus
671 1573 817 1620 est,¹³⁹)
853 1586 939 1612 cum
968 1575 1006 1612 in
1041 1575 1113 1612 hoc
1140 1575 1253 1612 titulo
1290 1574 1414 1611 eidem
1442 1572 1522 1610 fere
1551 1573 1699 1610 reditus

193 1637 331 1684 scripti
360 1640 558 1674 exstarent
577 1642 694 1684 atque
722 1638 762 1674 in
790 1637 1007 1675 rationibus
1035 1637 1344 1685 hieropoeorum,
1373 1636 1432 1674 his
1461 1647 1551 1673 vero
1581 1635 1699 1673 tribui

191 1710 269 1738 non
287 1703 431 1747 posset,
461 1700 552 1747 quia
571 1700 757 1747 singulari
787 1700 834 1737 de
863 1712 903 1737 se
924 1711 1083 1737 numero
1112 1700 1348 1747 loqueretur,
1379 1699 1445 1745 qui
1473 1703 1698 1745 acceperat3

189 1765 229 1800 et
256 1761 422 1799 libenter
457 1762 530 1799 viri
564 1762 777 1800 doctissimi
815 1763 1033 1810 opinionem
1063 1773 1267 1810 sequerer,
1305 1762 1377 1799 uisi
1413 1760 1695 1798 dubitationem

193 1823 365 1862 adferret
383 1835 446 1862 res
474 1835 634 1872 prorsus
655 1825 879 1872 singularis:
909 1836 1097 1872 nusquam
1119 1826 1290 1862 rationes
1311 1825 1550 1872 privatorum
1578 1823 1699 1860 homi-

191 1897 282 1924 num
311 1887 452 1924 scimus
480 1886 601 1934 lapidi
629 1887 772 1924 incisas
802 1892 938 1934 atque,
975 1893 1165 1934 quatenus
1195 1886 1242 1924 ad
1272 1886 1549 1934 rempublicam
1578 1886 1696 1933 perti—

189 1948 347 1994 nebant,
367 1947 605 1997 τραπεζιτῶν
628 1949 763 1987 horum
780 1951 950 1988 rationes
971 1951 1143 1987 novimus
1164 1951 1203 1987 in
1223 1949 1519 1996 hieropoeorum
1539 1947 1694 1985 tabulas

189 2015 368 2059 receptas
388 2015 427 2049 et
448 2022 524 2049 non
545 2012 659 2049 unius
681 2023 847 2058 mensae,
878 2012 945 2050 sed
965 2014 1232 2050 universarum
1252 2034 1303 2039 —
1325 2011 1416 2059 quid
1440 2012 1538 2048 enim
1560 2011 1697 2048 civium

189 2074 380 2112 intererat
407 2074 643 2122 singulorum
672 2076 966 2122 negotiatorum,
997 2086 1159 2122 quorum
1189 2073 1324 2112 officiis
1353 2073 1535 2112 utebatur
1563 2085 1697 2120 respu-

188 2135 303 2182 blica,
322 2137 494 2174 rationes
511 2147 743 2183 cognoscere
760 2148 780 2174 e
796 2136 1035 2174 documentis
1054 2137 1229 2184 privatis,
1250 2147 1335 2174 cum
1352 2148 1371 2174 e
1388 2136 1553 2184 publicis
1573 2135 1698 2173 hiero·

190 2209 375 2247 poeorum
402 2198 617 2236 rationibus
643 2198 792 2236 discere
821 2203 989 2246 possent,
1020 2210 1108 2236 num
1139 2200 1307 2236 universi
1334 2199 1436 2236 bona
1462 2197 1537 2235 fide
1569 2202 1697 2236 essent

191 2271 351 2298 munere
371 2259 522 2298 functi?
567 2259 747 2298 Ceterum
768 2273 815 2298 ex
835 2261 907 2299 1100
926 2262 1052 2307 titulo,
1081 2266 1124 2299 ut
1144 2263 1195 2299 sit
1213 2260 1439 2299 referendus
1460 2261 1509 2299 ad
1530 2261 1696 2309 aliquem

282 2430 347 2472 l³8)
377 2427 571 2473 Τραπεζῶν
597 2430 668 2463 ἀπὸ
695 2433 758 2473 τῆς
785 2431 890 2467 στοᾶς
914 2429 1114 2464 mercedem
1140 2429 1300 2464 videmus
1325 2431 1394 2463 200
1410 2431 1461 2463 dr.
1487 2429 1523 2463 in
1555 2439 1696 2464 sacrum

189 2487 369 2523 aerarium
399 2487 533 2522 relatas
565 2486 751 2521 Phocaeeo
784 2486 954 2521 archonte
987 2486 1103 2523 (Dem.
1130 2486 1227 2521 arch.
1254 2492 1321 2520 rat.
1347 2485 1408 2520 lin.
1433 2489 1509 2530 27),
1543 2486 1696 2521 Demare

188 2543 288 2588 (ibid.
307 2543 369 2578 lin.
386 2546 458 2588 46),
483 2543 631 2578 totidem
656 2544 693 2578 in
718 2554 802 2578 arca
828 2543 973 2588 publica
997 2543 1179 2588 depositas
1206 2543 1461 2578 Telesarchide
1481 2544 1495 2577 I
1524 2545 1696 2579 archonte

188 2600 289 2642 (ibid.
314 2599 375 2635 lin.
393 2603 437 2636 77
445 2606 472 2645 1,
505 2600 631 2635 Diocle
663 2600 762 2640 (ibid.
789 2601 848 2635 lin.
873 2603 1042 2644 84—85),
1075 2601 1328 2636 Telesarchide
1354 2601 1387 2635 11
1414 2600 1513 2640 (ibid.
1540 2601 1600 2635 lin.
1625 2604 1695 2641 78).

187 2657 393 2693 Posterior-e
426 2662 586 2702 tempore
625 2657 715 2692 haec
745 2667 881 2692 merces
913 2657 1101 2692 imminuta
1133 2657 1288 2692 videtur:
1332 2657 1568 2692 Parmenione
1601 2659 1695 2693 enim

188 2713 360 2749 archonte
390 2716 454 2748 110
469 2713 521 2748 dr.
555 2719 695 2748 tantum
726 2714 794 2749 hoc
820 2714 961 2749 nomine
995 2720 1077 2749 sunt
1108 2714 1245 2749 relatae
1279 2715 1314 2748 in
1349 2725 1489 2749 sacrum
1515 2715 1695 2749 aerarium

186 2769 381 2815 (Amphicl.
400 2771 498 2806 arch.
515 2776 584 2805 rat.
602 2770 664 2805 lin.
683 2773 819 2807 27-28
837 2799 844 2805 .
920 2772 981 2812 ¹³⁹)
1007 2771 1047 2806 In
1067 2771 1171 2806 titulo
1189 2782 1210 2806 a
1227 2771 1371 2806 Le-Bas
1389 2771 1502 2806 edito:
1529 2772 1574 2808 11.
1592 2775 1694 2808 2092.

1360 2830 1420 2863 10·
