1957 3293
862 272 1171 312 -120-

268 395 462 432 assentior
489 394 649 441 Nenzio,
679 396 743 443 qui
774 396 916 443 publici
947 407 1099 443 quoque
1120 397 1259 434 aerarii
1289 407 1471 435 summam
1501 408 1632 436 curam
1652 409 1769 446 penes

268 461 495 507 hieropoeos
538 460 654 498 fuisse
690 466 839 508 censet,
883 460 985 509 quod
1030 465 1068 498 et
1104 460 1150 499 de
1185 462 1354 509 acceptis
1396 463 1653 510 expensisque
1687 461 1769 499 eius

272 523 478 570 quotannis
498 523 685 560 rationem
707 522 944 561 reddiderint
975 534 1098 570 neque
1128 523 1209 560 sine
1239 524 1293 561 eis
1322 523 1591 571 quaestoribus
1618 523 1771 562 licuerit

270 585 453 632 pecunias
475 585 641 622 eximere
663 597 709 622 ex
735 584 957 631 aerario,⁴¹)
988 596 1060 622 non
1089 585 1256 622 monitus
1285 586 1458 633 exemplo
1485 585 1772 624 hellenotamia·

271 658 354 684 rum
398 651 722 694 quaestorumque
765 647 963 685 Minervae
1007 646 1312 684 Atheniensium!
1375 648 1639 687 Asservabant
1679 659 1770 687 sane

271 710 469 757 hieropoei
504 711 687 757 pecunias
723 710 897 758 publicas
933 721 957 747 a
985 709 1255 757 quaestoribus
1284 714 1463 758 acceptas
1492 711 1530 748 in
1558 710 1701 758 templo
1729 714 1773 748 ut

275 773 313 809 in
335 773 417 810 loco
437 773 642 818 tutissimo,
672 772 772 809 unde
794 771 905 810 facile
934 772 1181 819 intellegitur,
1211 783 1280 810 cur
1309 784 1433 820 neque
1461 773 1517 811 eis
1545 771 1771 811 absentibus

275 835 478 882 quicquam
507 834 596 872 inde
626 835 793 872 eximere
822 835 975 872 licuerit
1002 838 1040 871 et
1066 837 1155 881 post
1182 845 1321 871 annum
1351 838 1526 872 exactum
1555 835 1630 882 ipsi
1656 835 1773 873 ratio·

273 909 358 935 nem
389 897 628 935 reddiderint
655 899 905 945 pecuniarum
935 903 973 935 et
1001 901 1245 945 acceptarum
1275 902 1313 936 et
1339 910 1474 937 rursus
1503 900 1773 948 quaestoribus

274 960 515 998 traditarum.
565 960 640 998 Sed
669 972 792 1008 neque
823 972 918 1008 quas
947 961 985 998 in
1013 960 1188 998 manibus
1217 960 1413 1000 habebant
1440 961 1774 1009 administrabant,

274 1034 399 1070 neque
431 1034 574 1069 omnes,
603 1034 700 1069 quae
728 1023 964 1070 reipublicae
994 1024 1199 1071 quotannis
1227 1023 1424 1070 redibant,
1453 1035 1477 1062 a
1503 1025 1773 1072 quaestoribus

276 1086 529 1133 accipiebant.
573 1086 701 1133 Atque
721 1086 815 1123 iliud
842 1085 993 1134 quidem
1023 1086 1276 1124 certissimum
1305 1089 1376 1133 est,
1405 1087 1585 1134 quoniam
1614 1087 1776 1135 quilibet

276 1149 467 1186 rationum
488 1159 622 1186 versus
651 1147 878 1186 documento
907 1152 978 1195 est,
1008 1159 1054 1185 ne
1083 1148 1258 1195 attigisse
1287 1147 1440 1195 quidem
1470 1159 1536 1186 eos
1563 1148 1633 1187 has
1660 1160 1775 1197 pecu-

276 1211 358 1248 nias
395 1211 468 1247 nisi
505 1221 633 1248 coram
669 1210 853 1248 archonte
888 1209 1193 1257 prytanibusque
1228 1213 1265 1247 et
1300 1209 1436 1248 scribis
1471 1209 1621 1249 duobus
1656 1215 1725 1250 aut
1752 1223 1776 1251 a

276 1272 546 1321 quaestoribus
587 1273 820 1320 accipientes
861 1275 927 1309 aut
962 1271 1167 1309 reddentes
1211 1271 1271 1309 vel
1306 1271 1364 1309 his
1399 1272 1494 1320 ipsis
1532 1273 1592 1311 vel
1633 1274 1773 1322 quibus

278 1336 503 1379 iussissent,
541 1335 765 1382 saepissime
801 1332 987 1376 σιτώναις.
1045 1334 1181 1381 Neque
1215 1332 1408 1372 difficilius
1436 1335 1600 1374 alterum
1627 1337 1776 1384 perspi-

278 1398 392 1443 citur,
423 1408 651 1445 quamquam
674 1408 697 1435 a
716 1397 820 1435 nullo
850 1396 975 1434 adhuc
1003 1400 1062 1434 est
1089 1395 1407 1443 animadversum,
1435 1407 1511 1435 non
1541 1409 1626 1436 esse
1646 1410 1776 1437 omnes

279 1463 462 1509 pecunias
483 1461 658 1509 publicas
679 1463 717 1498 in
737 1462 920 1509 templum
940 1462 1080 1508 illatas,
1106 1465 1162 1508 ut,
1190 1466 1369 1500 accurate
1398 1463 1430 1500 si
1459 1462 1563 1510 loqui
1591 1461 1777 1508 volumus,

280 1535 354 1561 non
389 1525 513 1571 ipsum
549 1525 789 1562 aerarium
826 1523 1018 1571 publicum
1056 1523 1174 1571 (quod
1210 1535 1324 1562 unum
1360 1528 1437 1571 est,
1472 1535 1558 1563 cum
1593 1525 1780 1573 pecuniae

284 1588 366 1625 cius
402 1587 518 1624 variis
554 1587 647 1624 locis
683 1591 721 1624 et
755 1587 882 1634 colligi
921 1591 957 1624 et
995 1587 1186 1624 asservari
1223 1590 1261 1624 et
1295 1587 1459 1635 expendi
1494 1588 1679 1636 possint),
1713 1585 1782 1624 sed

283 1660 438 1687 arcam
460 1647 663 1697 (κιβωτός)
686 1650 869 1696 pecunias
891 1649 1074 1696 quasdam
1096 1649 1271 1696 publicas
1291 1651 1548 1688 continentem
1569 1650 1608 1687 in
1636 1649 1779 1697 templo

282 1723 365 1749 csse
386 1716 621 1749 asservatam
643 1711 771 1748 dicere
793 1711 1017 1749 debeamus:
1047 1712 1261 1759 paullulum
1282 1712 1380 1750 enim
1401 1713 1634 1760 perscrutati
1656 1712 1780 1750 hiero-

282 1785 465 1821 poeorum
501 1775 670 1811 rationes
702 1773 877 1811 Demaris
907 1775 997 1811 anni
1033 1774 1204 1812 videmus
1232 1778 1389 1822 praeter
1416 1785 1531 1812 unam
1561 1775 1782 1822 pensionem

285 1839 386 1874 3470
407 1836 464 1873 dr.
494 1835 716 1873 tibicinibus
746 1834 942 1882 factam42)
972 1847 1102 1874 omnes
1131 1837 1315 1884 pecunias
1343 1836 1513 1884 reliquas
1541 1836 1590 1875 ad
1617 1835 1784 1875 frumen-

283 1904 362 1936 tum
384 1898 582 1936 emendum
605 1897 772 1942 datas⁴³)
802 1919 848 1924 -—
878 1909 965 1935 num
996 1898 1179 1936 credibile
1207 1902 1267 1937 est
1294 1898 1568 1946 rempublicam
1597 1898 1782 1937 deliacam

285 1973 353 2008 per
387 1965 508 1999 totum
544 1972 683 1999 annum
713 1961 838 1998 nullas
868 1961 964 1999 alias
993 1962 1185 2008 impensas
1215 1961 1394 2000 habuisse
1422 1966 1579 2009 praeter
1605 1961 1782 2000 tibicines

285 2024 621 2072 frumentumque?
676 2022 760 2073 Τρὶς
784 2023 965 2074 μάκαρες
986 2023 1049 2061 καὶ
1077 2024 1262 2074 τετράκις
1281 2025 1394 2072 Delii,
1423 2025 1456 2063 si
1483 2024 1609 2063 tribus
1635 2028 1783 2063 tantum

287 2086 422 2124 diebus
458 2087 545 2124 anni
582 2088 765 2134 pecunias
794 2087 946 2134 publice
974 2087 1143 2134 pendere
1172 2088 1295 2125 coacti
1324 2086 1509 2130 erantl⁴⁴)
1562 2087 1616 2125 Et
1642 2088 1782 2126 scimus

285 2149 356 2186 hoc
395 2149 477 2196 ipso
515 2160 614 2186 anno
650 2159 814 2187 coronas
849 2161 988 2187 aureas
1025 2149 1206 2197 Philippo
1243 2154 1282 2187 et
1315 2149 1594 2189 Masannassae
1628 2149 1784 2198 regibus

286 2211 438 2258 publice
460 2211 625 2249 tributas
647 2223 743 2258 esse,
771 2223 930 2259 quarum
953 2222 1150 2249 commune
1180 2212 1344 2259 pretium
1373 2213 1495 2251 maius
1523 2211 1640 2251 fuisse
1668 2212 1784 2251 credo

290 2279 385 2311 1350
415 2273 471 2311 dr.
509 2286 527 2311 e
564 2285 673 2311 sacro
711 2275 862 2312 aerario
900 2274 1112 2312 Galaxione
1154 2285 1282 2312 mense
1318 2275 1459 2312 mutuis
1497 2275 1676 2322 sumptis,
1710 2274 1784 2313 Po-

287 2335 442 2373 sideone
480 2336 718 2383 redditis,⁴⁵)
762 2337 863 2384 quod
901 2337 1004 2374 mille
1033 2336 1301 2375 drachmarum
1339 2347 1502 2376 coronae
1530 2337 1590 2375 vel
1622 2337 1783 2386 privatis

377 2489 421 2533 ⁴¹)
449 2487 559 2532 Nenz,
583 2488 727 2531 Quaest.
754 2487 820 2523 del.
847 2500 879 2533 p.
905 2491 937 2524 7.
1054 2489 1098 2534 ⁴2)
1124 2489 1266 2524 Demar.
1293 2488 1388 2523 arch.
1414 2492 1481 2523 rat.
1506 2487 1567 2523 lin.
1597 2490 1784 2526 127—129.

379 2545 425 2588 ⁴³)
451 2547 559 2578 τοῦτο
584 2544 713 2585 ἔδομεν
738 2548 811 2584 τοῖς
829 2546 997 2584 σιτώναις
1012 2543 1138 2591 Ἅμνῳ,
1164 2543 1334 2590 Φιλλάκῳ,
1361 2543 1466 2590 Φάνῳ
1489 2548 1545 2580 ter
1568 2545 1726 2581 occurrit
1749 2546 1785 2581 in

288 2603 430 2637 Demar.
457 2602 553 2636 arch.
572 2607 638 2636 rat.
664 2602 723 2636 lin.
747 2605 818 2646 127,
840 2605 913 2646 1:32,
937 2605 999 2637 139
1025 2607 1060 2637 et
1078 2608 1160 2637 sunt
1189 2604 1303 2637 18560
1319 2601 1371 2636 dr.
1411 2600 1612 2646 Lenaeone,
1637 2601 1785 2638 totidem

289 2659 479 2694 drachmae
498 2659 736 2703 Thargelione
755 2665 790 2693 et
808 2658 1043 2703 Buphonione
1062 2659 1242 2694 mensibus
1260 2668 1403 2703 pensae.
1494 2659 1544 2702 ⁴⁴)
1569 2657 1640 2695 crr.
1664 2664 1785 2695 notam

291 2717 520 2761 superiorem.
658 2718 704 2758 ⁴⁵)
731 2716 872 2751 Demar.
900 2716 996 2751 arch.
1023 2722 1088 2751 rat.
1115 2716 1175 2751 lin.
1200 2718 1331 2752 59—61
1360 2720 1396 2751 et
1419 2718 1565 2752 43—44.
