1957 3293
875 304 1186 345 —176—

283 434 324 467 ut
344 429 445 467 dona
464 428 570 466 nulla
596 439 736 476 capere
756 433 888 476 posset
916 438 1038 475 eaque
1061 427 1188 465 omnia
1215 431 1509 466 asservarentur
1536 428 1576 465 in
1595 426 1787 475 Apollinis

286 490 393 537 fano,
430 490 495 527 ubi
533 494 636 527 certe
667 491 820 538 saepius
849 489 1096 537 appellantur
1123 487 1256 538 φιάλαι
1283 500 1422 538 resque
1450 489 1549 528 aliae
1577 489 1667 527 huic
1693 487 1788 528 deae

285 553 344 590 vel
373 553 444 590 soli
473 553 532 590 vel
560 564 636 591 una
664 564 748 590 cum
778 552 854 590 filio
883 551 1105 596 dicatae.⁹⁵)

389 615 474 653 Non
502 616 608 653 locus
635 615 696 652 hic
724 621 784 653 est
810 627 857 652 ne
887 615 1119 662 pretiosiora
1147 613 1301 661 quidem
1329 613 1430 652 dona
1457 614 1676 662 singulatim
1703 625 1790 662 per-

286 678 478 716 scribendi
499 678 704 726 (quaedam
725 679 798 716 iam
819 678 931 716 attuli
952 681 1162 715 memoratu
1183 676 1435 724 dignissima),
1463 688 1620 725 possum
1639 679 1789 714 tantum

285 743 516 778 mentionem
536 740 663 778 facere
693 752 836 786 eorum,
867 751 965 788 quae
995 740 1201 787 quotannis
1230 739 1301 777 deo
1322 739 1435 777 Delio
1463 739 1585 778 dicari
1613 739 1791 778 solebant

286 803 335 841 ab
371 804 514 841 eisdem
544 815 696 851 semper
724 803 987 841 donatoribus.
1031 803 1111 839 Iam
1138 807 1312 849 tempore
1340 801 1686 841 administrationis
1713 812 1792 840 am-

286 866 553 913 phictyonicae
590 867 754 904 vidimus
789 867 936 913 magnis
972 865 1164 913 Apollinis
1200 864 1308 902 festis
1342 886 1392 891 —
1426 864 1549 902 Deliis
1583 886 1634 892 —
1669 863 1791 902 dicari

287 928 420 966 solitas
462 940 545 966 esse
589 929 638 967 ab
675 929 964 966 Atheniensium
1001 928 1202 975 republica
1236 927 1406 975 singulas
1443 938 1606 966 coronas
1639 938 1791 973 aureas,

288 1002 386 1038 quas
415 992 672 1038 pentetericas
707 992 922 1029 nominatas
959 1002 1043 1028 esse
1071 991 1334 1037 cognovimus3
1369 993 1458 1037 post
1495 989 1679 1038 templum
1716 988 1792 1027 De-

286 1054 346 1090 liis
374 1054 565 1091 redditum
594 1053 693 1092 festa
722 1054 873 1102 quidem
895 1053 1199 1101 quinquennalia
1227 1053 1416 1090 celebrari
1445 1052 1570 1090 desita
1589 1056 1679 1090 sunt
1707 1052 1786 1100 pri-

288 1127 465 1163 mumque
512 1117 636 1154 denuo
674 1117 797 1154 locum
841 1116 1093 1153 obtinuerunt
1134 1115 1334 1153 sollemnia
1374 1115 1540 1162 pristina
1580 1125 1709 1153 annua
1743 1135 1794 1141 —

287 1179 493 1226 Apollinea
522 1177 797 1225 (Ἀπολλώνια),
828 1178 898 1216 sub
929 1178 1239 1225 amphictyonum
1270 1177 1622 1224 administratione,
1648 1180 1693 1214 ut
1719 1177 1794 1215 iam

288 1241 468 1286 vidimus,
504 1253 596 1289 prae
630 1241 748 1279 Deliis
783 1252 906 1288 paene
942 1241 1123 1278 oblivioni
1153 1239 1260 1287 data;
1297 1239 1346 1277 ad
1374 1250 1474 1287 quae
1501 1239 1576 1276 iam
1610 1250 1703 1277 usus
1730 1238 1794 1276 ille

290 1309 347 1341 est
382 1304 592 1341 translatus
629 1304 729 1341 dona
771 1304 922 1341 dicandi
959 1303 1091 1341 eadem
1127 1314 1278 1350 semper
1318 1306 1424 1340 certo
1457 1302 1642 1349 temporis
1675 1302 1795 1339 inter-

289 1367 388 1404 vallo
417 1366 619 1404 redeuntia
655 1378 698 1404 eo
729 1366 967 1412 discrimine,
1004 1370 1047 1403 ut
1074 1378 1094 1403 e
1124 1364 1475 1413 quinquennalibus
1504 1375 1633 1402 annua
1659 1361 1797 1402 fierent

290 1430 389 1466 sicut
423 1430 507 1476 ipsa
542 1428 641 1466 festa
675 1434 810 1476 atque,
847 1430 911 1477 qui
948 1429 1161 1467 offerebant
1197 1428 1286 1475 deo,
1323 1439 1398 1466 non
1432 1429 1506 1466 iam
1541 1427 1796 1465 Athenienses

291 1495 421 1529 essent
449 1497 627 1539 (quorum
657 1502 781 1539 neque
810 1491 983 1529 theoriae
1013 1503 1135 1539 neque
1165 1491 1267 1529 dona
1294 1490 1373 1528 fere
1401 1491 1481 1529 ulla
1507 1491 1546 1528 in
1572 1490 1798 1538 hieropoeo-

293 1565 375 1591 rum
397 1552 681 1596 inventariis⁹⁶)
711 1556 1087 1600 commemorantur),
1120 1553 1187 1591 sed
1208 1554 1286 1598 alii,
1316 1565 1426 1601 reges
1455 1553 1702 1600 hominesque
1721 1551 1799 1600 pri-

292 1616 381 1653 vati.
437 1615 498 1652 Ex
533 1614 672 1662 quibus
708 1615 881 1652 nonnulli
918 1627 993 1653 non
1028 1615 1150 1652 solum
1178 1615 1253 1652 vivi
1283 1614 1394 1652 deum
1425 1618 1660 1653 ornaverunt
1687 1613 1798 1652 donis

292 1678 450 1724 annuis,
488 1677 557 1715 sed
595 1679 727 1724 etiam,
763 1689 810 1715 ne
848 1683 937 1725 post
971 1682 1131 1715 mortem
1161 1678 1290 1716 offerri
1325 1679 1531 1725 quotannis
1566 1677 1798 1724 desinerent,

293 1744 526 1777 curaverunt
554 1741 728 1787 pecuniis
759 1739 957 1787 depositis,
988 1751 1150 1787 quarum
1180 1752 1226 1778 ex
1255 1741 1383 1778 usuris
1412 1751 1435 1778 a
1454 1744 1604 1787 senatu,
1632 1744 1675 1778 ut
1693 1739 1798 1777 vide-

293 1806 374 1848 tur,
410 1801 689 1840 administratis
727 1807 765 1840 et
799 1803 900 1841 dona
938 1803 1070 1840 eadem
1105 1807 1425 1850 compararentur
1452 1807 1490 1840 et
1518 1801 1708 1841 sacrificia
1734 1801 1795 1839 vel

293 1863 392 1902 festa
411 1865 450 1900 in
470 1865 640 1911 ipsorum
661 1865 845 1903 honorem
872 1865 944 1903 deo
971 1864 1178 1911 fierent.⁹⁷)
1222 1865 1340 1902 Primi
1369 1865 1431 1903 hic
1459 1868 1550 1903 sunt
1576 1863 1799 1913 appellandi

295 1926 506 1964 Ptolemaei
543 1939 653 1974 reges
692 1927 767 1965 duo
797 1928 1074 1976 Philadelphus
1110 1931 1147 1965 et
1183 1928 1396 1975 Euergetes
1434 1928 1498 1972 (de
1534 1928 1669 1967 Sotere
1704 1927 1800 1965 nihil

294 1988 373 2026 tale
403 1993 460 2026 est
490 1994 637 2033 notum)
673 1995 789 2038 atque
820 1991 1062 2028 Philetaerus
1090 1991 1364 2038 Pergamenus,
1393 2002 1555 2039 quorum
1582 1989 1800 2028 nominibus

295 2052 410 2089 etiam
431 2051 596 2089 Demare
625 2052 808 2090 archonte
829 2057 867 2090 et
885 2053 1038 2101 phialae
1068 2053 1241 2100 singulae
1270 2052 1318 2091 ab
1338 2053 1556 2100 hieropoeis
1584 2055 1654 2090 aut
1679 2063 1798 2100 quae-

296 2114 466 2151 storibus
495 2115 533 2151 in
562 2115 744 2163 templum
773 2115 907 2153 inferri
935 2116 1112 2154 solebant
1141 2120 1179 2154 et
1207 2115 1396 2154 sacrificia
1422 2113 1581 2161 fieri;⁹⁸)
1616 2125 1688 2162 per
1714 2113 1800 2152 bre-

386 2234 431 2278 95)
457 2233 497 2267 In
529 2233 628 2267 Dem.
655 2233 752 2268 arch.
785 2233 853 2267 inv.
880 2233 940 2267 lin.
966 2237 987 2267 4
1017 2233 1248 2278 appellantur
1278 2233 1407 2267 anulus
1439 2241 1571 2267 aureus
1604 2235 1641 2267 et
1671 2231 1801 2267 monile

297 2289 530 2324 artificiosum
563 2290 682 2333 magni
715 2289 821 2334 pretii
857 2289 945 2324 deae
979 2299 1000 2324 a
1035 2289 1236 2325 Stratonice
1268 2289 1395 2333 regina
1425 2288 1565 2334 oblata,
1606 2288 1643 2323 in
1672 2298 1802 2333 magno

296 2347 475 2391 Apollinis
501 2347 632 2391 templo
659 2353 852 2381 asservata.
982 2348 1029 2390 96)
1055 2346 1204 2381 Phialae
1231 2346 1334 2391 duae,
1360 2356 1431 2381 non
1455 2345 1622 2392 amplius,
1647 2346 1801 2382 Demare

297 2404 466 2439 archonte
485 2410 806 2438 commemorantur
823 2404 868 2438 ab
887 2404 1168 2439 Atheniensibus
1187 2404 1338 2449 dicatae,
1364 2414 1516 2448 quarum
1532 2413 1605 2439 una
1621 2403 1659 2439 in
1674 2412 1803 2448 magno

297 2464 428 2508 templo
446 2463 520 2499 (lin.
536 2466 606 2506 38¹,
624 2463 738 2497 altera
756 2463 790 2496 in
812 2466 883 2507 ναῷ
902 2462 942 2496 οὗ
963 2464 1006 2495 τὰ
1025 2463 1118 2495 ἑπτά
1135 2462 1211 2505 (lin.
1230 2464 1306 2502 176)
1325 2461 1589 2497 asservabatur.
1659 2460 1710 2503 ⁹⁷)
1724 2459 1804 2504 Qua

298 2520 340 2555 dc
366 2531 403 2555 re
429 2520 471 2554 cs.
499 2519 667 2554 Homollii
695 2519 988 2554 commentarium
1014 2519 1050 2553 in
1077 2519 1169 2553 Bull.
1189 2519 1222 2554 d.
1241 2519 1337 2555 Corr.
1357 2519 1450 2555 Hell.
1469 2518 1530 2564 VI,
1556 2529 1589 2563 p.
1612 2520 1802 2558 llo-115,

302 2580 364 2613 142
383 2580 490 2621 ἦ145,
520 2579 617 2612 157---
636 2580 696 2611 166
722 2583 755 2611 ct
784 2577 1010 2623 »Archives«,
1027 2582 1093 2612 etc.
1120 2589 1152 2621 p.
1172 2579 1214 2612 47
1263 2581 1318 2612 54.
1447 2575 1495 2619 ⁹⁸)
1522 2573 1700 2621 Εὐτύχεια
1727 2572 1805 2608 Φιλ-

299 2636 470 2679 αδέλφεια
505 2634 611 2669 credo
637 2634 747 2669 fuisse
773 2645 842 2669 non
876 2634 944 2669 duo
976 2635 1069 2669 festa
1094 2636 1198 2679 (quae
1225 2633 1395 2670 Homollii
1421 2631 1601 2669 sententia
1624 2634 1710 2676 est),
1742 2630 1805 2667 sed

300 2702 424 2735 unum3
458 2702 568 2736 quare
601 2691 703 2726 binas
737 2691 878 2736 phialas
910 2691 1101 2735 quotannis
1137 2689 1344 2737 Εὐτυχείων
1371 2688 1631 2733 Φιλαδελφείων
1662 2687 1805 2724 nomine

299 2749 335 2783 in
361 2749 492 2793 templo
518 2747 700 2792 depositas
731 2753 767 2783 et
791 2748 836 2782 ab
862 2748 1066 2792 hieropoeis
1092 2747 1255 2791 quidem,
1287 2757 1367 2782 cum
1391 2746 1553 2791 reliquae
1583 2744 1760 2782 eiusmodi
1783 2754 1806 2780 a
