<?xml version="1.0" encoding="UTF-8"?>
<!DOCTYPE html PUBLIC "-//W3C//DTD XHTML 1.0 Transitional//EN"
    "http://www.w3.org/TR/xhtml1/DTD/xhtml1-transitional.dtd">
<html xmlns="http://www.w3.org/1999/xhtml" xml:lang="en" lang="en">
 <head>
  <title>
</title>
<meta http-equiv="Content-Type" content="text/html;charset=utf-8" />
  <meta name='ocr-system' content='tesseract 3.04.00' />
  <meta name='ocr-capabilities' content='ocr_page ocr_carea ocr_par ocr_line ocrx_word'/>
</head>
<body>
  <div class='ocr_page' id='page_1' title='image "./dedeliinsulaereb00scho_0056.png"; bbox 0 0 1957 3326; ppageno 0'>
   <div class='ocr_carea' id='block_1_1' title="bbox 883 316 1164 357">
    <p class='ocr_par' dir='ltr' id='par_1_1' title="bbox 883 316 1164 357">
     <span class='ocr_line' id='line_1_1' title="bbox 883 316 1164 357; baseline -0.004 -11"><span class='ocrx_word' id='word_1_1' title='bbox 883 316 1164 357; x_wconf 76' lang='lat'>-44—</span> 
     </span>
    </p>
   </div>
   <div class='ocr_carea' id='block_1_2' title="bbox 279 436 1782 2630">
    <p class='ocr_par' dir='ltr' id='par_1_2' title="bbox 279 436 1781 1428">
     <span class='ocr_line' id='line_1_2' title="bbox 280 436 1775 490; baseline -0.005 -9"><span class='ocrx_word' id='word_1_2' title='bbox 280 443 367 481; x_wconf 82' lang='lat' dir='ltr'><strong>ficet</strong></span> <span class='ocrx_word' id='word_1_3' title='bbox 406 443 614 490; x_wconf 78' lang='lat' dir='ltr'><strong>»templum</strong></span> <span class='ocrx_word' id='word_1_4' title='bbox 651 445 916 486; x_wconf 70' lang='lat' dir='ltr'><strong>verrentem13</strong></span> <span class='ocrx_word' id='word_1_5' title='bbox 959 439 1026 477; x_wconf 89' lang='lat' dir='ltr'><strong>sed</strong></span> <span class='ocrx_word' id='word_1_6' title='bbox 1066 438 1354 487; x_wconf 86' lang='lat' dir='ltr'><strong>magistratibus</strong></span> <span class='ocrx_word' id='word_1_7' title='bbox 1388 449 1541 487; x_wconf 90' lang='lat' dir='ltr'><strong>quoque</strong></span> <span class='ocrx_word' id='word_1_8' title='bbox 1583 436 1775 476; x_wconf 89' lang='lat' dir='ltr'><strong>interdum</strong></span> 
     </span>
     <span class='ocr_line' id='line_1_3' title="bbox 281 501 1776 546; baseline -0.004 -3"><span class='ocrx_word' id='word_1_9' title='bbox 281 506 484 543; x_wconf 83' lang='lat' dir='ltr'><strong>indebatur</strong></span> <span class='ocrx_word' id='word_1_10' title='bbox 530 505 672 542; x_wconf 88' lang='lat' dir='ltr'><strong>maiore</strong></span> <span class='ocrx_word' id='word_1_11' title='bbox 718 504 862 541; x_wconf 86' lang='lat' dir='ltr'><strong>honore</strong></span> <span class='ocrx_word' id='word_1_12' title='bbox 909 503 1071 546; x_wconf 80' lang='lat' dir='ltr'><strong>ornatis,</strong></span> <span class='ocrx_word' id='word_1_13' title='bbox 1116 506 1158 539; x_wconf 90' lang='lat' dir='ltr'><strong>ut</strong></span> <span class='ocrx_word' id='word_1_14' title='bbox 1199 501 1390 539; x_wconf 83' lang='lat' dir='ltr'><strong>antistites</strong></span> <span class='ocrx_word' id='word_1_15' title='bbox 1435 501 1555 538; x_wconf 89' lang='lat' dir='ltr'><strong>latino</strong></span> <span class='ocrx_word' id='word_1_16' title='bbox 1601 510 1776 538; x_wconf 83' lang='lat' dir='ltr'><strong>sermone</strong></span> 
     </span>
     <span class='ocr_line' id='line_1_4' title="bbox 279 561 1771 616; baseline -0.005 -10"><span class='ocrx_word' id='word_1_17' title='bbox 279 568 467 616; x_wconf 79' lang='lat' dir='ltr'><strong>appellari</strong></span> <span class='ocrx_word' id='word_1_18' title='bbox 503 571 679 614; x_wconf 71' lang='lat' dir='ltr'><strong>possent,</strong></span> <span class='ocrx_word' id='word_1_19' title='bbox 715 572 830 614; x_wconf 88' lang='lat' dir='ltr'><strong>atque</strong></span> <span class='ocrx_word' id='word_1_20' title='bbox 867 566 965 603; x_wconf 86' lang='lat' dir='ltr'><strong>hanc</strong></span> <span class='ocrx_word' id='word_1_21' title='bbox 1000 576 1082 602; x_wconf 85' lang='lat' dir='ltr'><strong>esse</strong></span> <span class='ocrx_word' id='word_1_22' title='bbox 1119 564 1179 601; x_wconf 88' lang='lat' dir='ltr'><strong>hic</strong></span> <span class='ocrx_word' id='word_1_23' title='bbox 1213 575 1367 612; x_wconf 91' lang='lat' dir='ltr'><strong>quoque</strong></span> <span class='ocrx_word' id='word_1_24' title='bbox 1401 563 1507 601; x_wconf 88' lang='lat' dir='ltr'><strong>verbi</strong></span> <span class='ocrx_word' id='word_1_25' title='bbox 1543 561 1771 600; x_wconf 85' lang='lat' dir='ltr'><strong>sententiam</strong></span> 
     </span>
     <span class='ocr_line' id='line_1_5' title="bbox 279 624 1776 678; baseline -0.005 -9"><span class='ocrx_word' id='word_1_26' title='bbox 279 631 406 677; x_wconf 81' lang='lat' dir='ltr'><strong>credo,</strong></span> <span class='ocrx_word' id='word_1_27' title='bbox 436 642 549 678; x_wconf 86' lang='lat' dir='ltr'><strong>quum</strong></span> <span class='ocrx_word' id='word_1_28' title='bbox 580 641 654 667; x_wconf 88' lang='lat' dir='ltr'><strong>non</strong></span> <span class='ocrx_word' id='word_1_29' title='bbox 684 630 733 666; x_wconf 89' lang='lat' dir='ltr'><strong>sit</strong></span> <span class='ocrx_word' id='word_1_30' title='bbox 761 629 965 667; x_wconf 80' lang='lat' dir='ltr'><strong>verisimile</strong></span> <span class='ocrx_word' id='word_1_31' title='bbox 992 627 1168 666; x_wconf 88' lang='lat' dir='ltr'><strong>aedituos</strong></span> <span class='ocrx_word' id='word_1_32' title='bbox 1197 626 1380 675; x_wconf 89' lang='lat' dir='ltr'><strong>quosdam</strong></span> <span class='ocrx_word' id='word_1_33' title='bbox 1410 626 1458 664; x_wconf 89' lang='lat' dir='ltr'><strong>ab</strong></span> <span class='ocrx_word' id='word_1_34' title='bbox 1489 624 1776 674; x_wconf 87' lang='lat' dir='ltr'><strong>Amphictyoni·</strong></span> 
     </span>
     <span class='ocr_line' id='line_1_6' title="bbox 279 687 1777 735; baseline -0.005 -4"><span class='ocrx_word' id='word_1_35' title='bbox 279 693 350 731; x_wconf 88' lang='lat' dir='ltr'><strong>bus</strong></span> <span class='ocrx_word' id='word_1_36' title='bbox 379 704 464 730; x_wconf 78' lang='lat' dir='ltr'><strong>esse</strong></span> <span class='ocrx_word' id='word_1_37' title='bbox 492 692 684 731; x_wconf 86' lang='lat' dir='ltr'><strong>adhibitos</strong></span> <span class='ocrx_word' id='word_1_38' title='bbox 713 693 751 729; x_wconf 92' lang='lat' dir='ltr'><strong>in</strong></span> <span class='ocrx_word' id='word_1_39' title='bbox 772 692 940 729; x_wconf 89' lang='lat' dir='ltr'><strong>muneris</strong></span> <span class='ocrx_word' id='word_1_40' title='bbox 962 691 1127 729; x_wconf 88' lang='lat' dir='ltr'><strong>obeundi</strong></span> <span class='ocrx_word' id='word_1_41' title='bbox 1157 691 1396 735; x_wconf 81' lang='lat' dir='ltr'><strong>societatem3</strong></span> <span class='ocrx_word' id='word_1_42' title='bbox 1425 693 1464 728; x_wconf 92' lang='lat' dir='ltr'><strong>et</strong></span> <span class='ocrx_word' id='word_1_43' title='bbox 1493 688 1672 728; x_wconf 87' lang='lat' dir='ltr'><strong>exstabat</strong></span> <span class='ocrx_word' id='word_1_44' title='bbox 1690 687 1777 725; x_wconf 87' lang='lat' dir='ltr'><strong>Deli</strong></span> 
     </span>
     <span class='ocr_line' id='line_1_7' title="bbox 281 750 1777 802; baseline -0.003 -10"><span class='ocrx_word' id='word_1_45' title='bbox 281 754 492 792; x_wconf 85' lang='lat' dir='ltr'><strong>aedificium</strong></span> <span class='ocrx_word' id='word_1_46' title='bbox 515 754 748 802; x_wconf 83' lang='lat' dir='ltr'><strong>appellatum</strong></span> <span class='ocrx_word' id='word_1_47' title='bbox 772 752 1051 801; x_wconf 63' lang='lat' dir='ltr'><strong>vswxo&#39;pmvffl),</strong></span> <span class='ocrx_word' id='word_1_48' title='bbox 1080 764 1155 799; x_wconf 90' lang='lat' dir='ltr'><strong>quo</strong></span> <span class='ocrx_word' id='word_1_49' title='bbox 1184 763 1230 789; x_wconf 85' lang='lat' dir='ltr'><strong>ex</strong></span> <span class='ocrx_word' id='word_1_50' title='bbox 1259 752 1409 789; x_wconf 90' lang='lat' dir='ltr'><strong>nomine</strong></span> <span class='ocrx_word' id='word_1_51' title='bbox 1437 754 1546 798; x_wconf 86' lang='lat' dir='ltr'><strong>patet</strong></span> <span class='ocrx_word' id='word_1_52' title='bbox 1572 750 1777 788; x_wconf 88' lang='lat' dir='ltr'><strong>convenire</strong></span> 
     </span>
     <span class='ocr_line' id='line_1_8' title="bbox 281 812 1778 863; baseline -0.004 -8"><span class='ocrx_word' id='word_1_53' title='bbox 281 818 416 855; x_wconf 87' lang='lat' dir='ltr'><strong>solitos</strong></span> <span class='ocrx_word' id='word_1_54' title='bbox 455 829 539 855; x_wconf 84' lang='lat' dir='ltr'><strong>esse</strong></span> <span class='ocrx_word' id='word_1_55' title='bbox 577 817 625 854; x_wconf 89' lang='lat' dir='ltr'><strong>ad</strong></span> <span class='ocrx_word' id='word_1_56' title='bbox 663 828 725 854; x_wconf 86' lang='lat' dir='ltr'><strong>res</strong></span> <span class='ocrx_word' id='word_1_57' title='bbox 763 815 1033 853; x_wconf 85' lang='lat' dir='ltr'><strong>deliberandas</strong></span> <span class='ocrx_word' id='word_1_58' title='bbox 1069 819 1185 863; x_wconf 87' lang='lat' dir='ltr'><strong>atque</strong></span> <span class='ocrx_word' id='word_1_59' title='bbox 1223 814 1386 852; x_wconf 86' lang='lat' dir='ltr'><strong>fortasse</strong></span> <span class='ocrx_word' id='word_1_60' title='bbox 1424 813 1539 851; x_wconf 90' lang='lat' dir='ltr'><strong>etiam</strong></span> <span class='ocrx_word' id='word_1_61' title='bbox 1576 812 1626 850; x_wconf 85' lang='lat' dir='ltr'><strong>ad</strong></span> <span class='ocrx_word' id='word_1_62' title='bbox 1663 823 1778 850; x_wconf 86' lang='lat' dir='ltr'><strong>cenas</strong></span> 
     </span>
     <span class='ocr_line' id='line_1_9' title="bbox 280 873 1776 928; baseline -0.003 -11"><span class='ocrx_word' id='word_1_63' title='bbox 280 881 434 928; x_wconf 87' lang='lat' dir='ltr'><strong>publice</strong></span> <span class='ocrx_word' id='word_1_64' title='bbox 463 881 683 928; x_wconf 86' lang='lat' dir='ltr'><strong>propositas</strong></span> <span class='ocrx_word' id='word_1_65' title='bbox 713 879 781 917; x_wconf 90' lang='lat' dir='ltr'><strong>hos</strong></span> <span class='ocrx_word' id='word_1_66' title='bbox 811 879 1075 926; x_wconf 80' lang='lat' dir='ltr'><strong>magistratus,</strong></span> <span class='ocrx_word' id='word_1_67' title='bbox 1111 877 1250 925; x_wconf 90' lang='lat' dir='ltr'><strong>quibus</strong></span> <span class='ocrx_word' id='word_1_68' title='bbox 1285 877 1367 914; x_wconf 84' lang='lat' dir='ltr'><strong>sine</strong></span> <span class='ocrx_word' id='word_1_69' title='bbox 1401 875 1518 914; x_wconf 92' lang='lat' dir='ltr'><strong>dubio</strong></span> <span class='ocrx_word' id='word_1_70' title='bbox 1545 887 1621 914; x_wconf 92' lang='lat' dir='ltr'><strong>non</strong></span> <span class='ocrx_word' id='word_1_71' title='bbox 1649 873 1776 914; x_wconf 88' lang='lat' dir='ltr'><strong>aedifi-</strong></span> 
     </span>
     <span class='ocr_line' id='line_1_10' title="bbox 280 938 1776 990; baseline -0.003 -10"><span class='ocrx_word' id='word_1_72' title='bbox 280 947 433 981; x_wconf 77' lang='lat' dir='ltr'><strong>cassent</strong></span> <span class='ocrx_word' id='word_1_73' title='bbox 466 942 616 981; x_wconf 88' lang='lat' dir='ltr'><strong>domum</strong></span> <span class='ocrx_word' id='word_1_74' title='bbox 652 943 846 990; x_wconf 87' lang='lat' dir='ltr'><strong>propriam</strong></span> <span class='ocrx_word' id='word_1_75' title='bbox 877 941 994 987; x_wconf 87' lang='lat' dir='ltr'><strong>Delii,</strong></span> <span class='ocrx_word' id='word_1_76' title='bbox 1030 941 1102 978; x_wconf 91' lang='lat' dir='ltr'><strong>nisi</strong></span> <span class='ocrx_word' id='word_1_77' title='bbox 1138 941 1300 978; x_wconf 87' lang='lat' dir='ltr'><strong>alicuius</strong></span> <span class='ocrx_word' id='word_1_78' title='bbox 1334 938 1498 977; x_wconf 90' lang='lat' dir='ltr'><strong>fuissent</strong></span> <span class='ocrx_word' id='word_1_79' title='bbox 1532 939 1776 977; x_wconf 83' lang='lat' dir='ltr'><strong>auctoritatis</strong></span> 
     </span>
     <span class='ocr_line' id='line_1_11' title="bbox 281 1001 1779 1052; baseline -0.003 -10"><span class='ocrx_word' id='word_1_80' title='bbox 281 1006 317 1042; x_wconf 88' lang='lat' dir='ltr'><strong>in</strong></span> <span class='ocrx_word' id='word_1_81' title='bbox 350 1006 464 1043; x_wconf 87' lang='lat' dir='ltr'><strong>rebus</strong></span> <span class='ocrx_word' id='word_1_82' title='bbox 484 1004 674 1052; x_wconf 85' lang='lat' dir='ltr'><strong>gerendis.</strong></span> <span class='ocrx_word' id='word_1_83' title='bbox 718 1004 908 1041; x_wconf 84' lang='lat' dir='ltr'><strong>Numerus</strong></span> <span class='ocrx_word' id='word_1_84' title='bbox 935 1014 1064 1041; x_wconf 89' lang='lat' dir='ltr'><strong>eorum</strong></span> <span class='ocrx_word' id='word_1_85' title='bbox 1086 1007 1251 1050; x_wconf 88' lang='lat' dir='ltr'><strong>quantus</strong></span> <span class='ocrx_word' id='word_1_86' title='bbox 1271 1001 1398 1048; x_wconf 86' lang='lat' dir='ltr'><strong>fuerit,</strong></span> <span class='ocrx_word' id='word_1_87' title='bbox 1426 1012 1503 1039; x_wconf 92' lang='lat' dir='ltr'><strong>non</strong></span> <span class='ocrx_word' id='word_1_88' title='bbox 1521 1001 1779 1049; x_wconf 84' lang='lat' dir='ltr'><strong>cognoscitur,</strong></span> 
     </span>
     <span class='ocr_line' id='line_1_12' title="bbox 282 1062 1780 1113; baseline -0.004 -8"><span class='ocrx_word' id='word_1_89' title='bbox 282 1067 348 1105; x_wconf 81' lang='lat' dir='ltr'><strong>sed</strong></span> <span class='ocrx_word' id='word_1_90' title='bbox 376 1071 480 1105; x_wconf 81' lang='lat' dir='ltr'><strong>certe</strong></span> <span class='ocrx_word' id='word_1_91' title='bbox 509 1067 633 1104; x_wconf 89' lang='lat' dir='ltr'><strong>tribus</strong></span> <span class='ocrx_word' id='word_1_92' title='bbox 664 1077 739 1104; x_wconf 87' lang='lat' dir='ltr'><strong>non</strong></span> <span class='ocrx_word' id='word_1_93' title='bbox 769 1067 891 1103; x_wconf 90' lang='lat' dir='ltr'><strong>minor</strong></span> <span class='ocrx_word' id='word_1_94' title='bbox 918 1069 1013 1106; x_wconf 80' lang='lat' dir='ltr'><strong>erat,</strong></span> <span class='ocrx_word' id='word_1_95' title='bbox 1044 1065 1221 1113; x_wconf 89' lang='lat' dir='ltr'><strong>quoniam</strong></span> <span class='ocrx_word' id='word_1_96' title='bbox 1251 1064 1498 1112; x_wconf 79' lang='lat' dir='ltr'><strong>appellant-ur</strong></span> <span class='ocrx_word' id='word_1_97' title='bbox 1533 1062 1555 1099; x_wconf 86' lang='grc' dir='ltr'><em>ὁ</em></span> <span class='ocrx_word' id='word_1_98' title='bbox 1582 1062 1689 1100; x_wconf 83' lang='grc' dir='ltr'><em>δεῖνα</em></span> <span class='ocrx_word' id='word_1_99' title='bbox 1716 1062 1780 1100; x_wconf 75' lang='grc' dir='ltr'><strong>καὶ</strong></span> 
     </span>
     <span class='ocr_line' id='line_1_13' title="bbox 279 1126 1779 1180; baseline -0.003 -13"><span class='ocrx_word' id='word_1_100' title='bbox 279 1129 551 1180; x_wconf 74' lang='grc' dir='ltr'><em>συνάρχοντες.</em></span> <span class='ocrx_word' id='word_1_101' title='bbox 609 1128 744 1177; x_wconf 76' lang='lat' dir='ltr'><strong>Neque</strong></span> <span class='ocrx_word' id='word_1_102' title='bbox 773 1129 811 1166; x_wconf 89' lang='lat' dir='ltr'><strong>hi</strong></span> <span class='ocrx_word' id='word_1_103' title='bbox 841 1129 994 1166; x_wconf 89' lang='lat' dir='ltr'><strong>neocori</strong></span> <span class='ocrx_word' id='word_1_104' title='bbox 1029 1131 1117 1165; x_wconf 90' lang='lat' dir='ltr'><strong>sunt</strong></span> <span class='ocrx_word' id='word_1_105' title='bbox 1150 1126 1399 1175; x_wconf 87' lang='lat' dir='ltr'><strong>comparandi</strong></span> <span class='ocrx_word' id='word_1_106' title='bbox 1433 1137 1518 1164; x_wconf 93' lang='lat' dir='ltr'><strong>cum</strong></span> <span class='ocrx_word' id='word_1_107' title='bbox 1552 1126 1647 1173; x_wconf 89' lang='lat' dir='ltr'><strong>illis,</strong></span> <span class='ocrx_word' id='word_1_108' title='bbox 1682 1137 1779 1174; x_wconf 88' lang='lat' dir='ltr'><strong>quos</strong></span> 
     </span>
     <span class='ocr_line' id='line_1_14' title="bbox 282 1187 1779 1240; baseline -0.004 -9"><span class='ocrx_word' id='word_1_109' title='bbox 282 1195 421 1231; x_wconf 88' lang='lat' dir='ltr'><strong>scimus</strong></span> <span class='ocrx_word' id='word_1_110' title='bbox 448 1193 663 1240; x_wconf 86' lang='lat' dir='ltr'><strong>posteriore</strong></span> <span class='ocrx_word' id='word_1_111' title='bbox 692 1197 864 1240; x_wconf 87' lang='lat' dir='ltr'><strong>tempore</strong></span> <span class='ocrx_word' id='word_1_112' title='bbox 892 1193 931 1229; x_wconf 91' lang='lat' dir='ltr'><strong>in</strong></span> <span class='ocrx_word' id='word_1_113' title='bbox 961 1192 1041 1229; x_wconf 92' lang='lat' dir='ltr'><strong>solo</strong></span> <span class='ocrx_word' id='word_1_114' title='bbox 1061 1191 1251 1239; x_wconf 89' lang='lat' dir='ltr'><strong>Apollinis</strong></span> <span class='ocrx_word' id='word_1_115' title='bbox 1279 1189 1368 1228; x_wconf 87' lang='lat' dir='ltr'><strong>fano</strong></span> <span class='ocrx_word' id='word_1_116' title='bbox 1396 1193 1475 1227; x_wconf 87' lang='lat' dir='ltr'><strong>tres</strong></span> <span class='ocrx_word' id='word_1_117' title='bbox 1503 1187 1635 1236; x_wconf 87' lang='lat' dir='ltr'><strong>fuisse,</strong></span> <span class='ocrx_word' id='word_1_118' title='bbox 1663 1198 1779 1236; x_wconf 92' lang='lat' dir='ltr'><strong>quum</strong></span> 
     </span>
     <span class='ocr_line' id='line_1_15' title="bbox 280 1250 1781 1303; baseline -0.004 -9"><span class='ocrx_word' id='word_1_119' title='bbox 280 1258 357 1295; x_wconf 88' lang='lat' dir='ltr'><strong>sint</strong></span> <span class='ocrx_word' id='word_1_120' title='bbox 387 1257 509 1294; x_wconf 85' lang='lat' dir='ltr'><strong>nostri</strong></span> <span class='ocrx_word' id='word_1_121' title='bbox 539 1257 785 1303; x_wconf 83' lang='lat' dir='ltr'><strong>magistratus</strong></span> <span class='ocrx_word' id='word_1_122' title='bbox 814 1257 894 1292; x_wconf 83' lang='lat' dir='ltr'><strong>sine</strong></span> <span class='ocrx_word' id='word_1_123' title='bbox 915 1254 1031 1292; x_wconf 91' lang='lat' dir='ltr'><strong>dubio</strong></span> <span class='ocrx_word' id='word_1_124' title='bbox 1060 1265 1082 1292; x_wconf 89' lang='lat' dir='ltr'><strong>a</strong></span> <span class='ocrx_word' id='word_1_125' title='bbox 1110 1254 1263 1291; x_wconf 83' lang='lat' dir='ltr'><strong>civitate</strong></span> <span class='ocrx_word' id='word_1_126' title='bbox 1291 1253 1411 1290; x_wconf 88' lang='lat' dir='ltr'><strong>creati</strong></span> <span class='ocrx_word' id='word_1_127' title='bbox 1440 1250 1560 1303; x_wconf 80' lang='grc' dir='ltr'>(ἀρχὴ</span> <span class='ocrx_word' id='word_1_128' title='bbox 1587 1254 1627 1290; x_wconf 91' lang='lat' dir='ltr'><strong>et</strong></span> <span class='ocrx_word' id='word_1_129' title='bbox 1652 1261 1781 1289; x_wconf 88' lang='lat' dir='ltr'><strong>annua</strong></span> 
     </span>
     <span class='ocr_line' id='line_1_16' title="bbox 280 1313 1781 1367; baseline -0.004 -10"><span class='ocrx_word' id='word_1_130' title='bbox 280 1319 445 1367; x_wconf 87' lang='lat' dir='ltr'><strong>quidem,</strong></span> <span class='ocrx_word' id='word_1_131' title='bbox 475 1323 517 1356; x_wconf 88' lang='lat' dir='ltr'><strong>ut</strong></span> <span class='ocrx_word' id='word_1_132' title='bbox 545 1319 734 1356; x_wconf 87' lang='lat' dir='ltr'><strong>coniicere</strong></span> <span class='ocrx_word' id='word_1_133' title='bbox 763 1318 883 1364; x_wconf 73' lang='lat' dir='ltr'><strong>licet),</strong></span> <span class='ocrx_word' id='word_1_134' title='bbox 912 1318 967 1354; x_wconf 91' lang='lat' dir='ltr'><strong>illi</strong></span> <span class='ocrx_word' id='word_1_135' title='bbox 995 1328 1086 1354; x_wconf 76' lang='lat' dir='ltr'><strong>vero</strong></span> <span class='ocrx_word' id='word_1_136' title='bbox 1114 1315 1258 1354; x_wconf 88' lang='lat' dir='ltr'><strong>fuerint</strong></span> <span class='ocrx_word' id='word_1_137' title='bbox 1285 1315 1461 1359; x_wconf 85' lang='lat' dir='ltr'><strong>ministri,</strong></span> <span class='ocrx_word' id='word_1_138' title='bbox 1489 1313 1665 1352; x_wconf 87' lang='lat' dir='ltr'><strong>mercede</strong></span> <span class='ocrx_word' id='word_1_139' title='bbox 1693 1323 1781 1352; x_wconf 88' lang='lat' dir='ltr'><strong>con-</strong></span> 
     </span>
     <span class='ocr_line' id='line_1_17' title="bbox 283 1379 1361 1428; baseline -0.004 -9"><span class='ocrx_word' id='word_1_140' title='bbox 283 1382 387 1420; x_wconf 90' lang='lat' dir='ltr'><strong>ducti</strong></span> <span class='ocrx_word' id='word_1_141' title='bbox 417 1393 492 1419; x_wconf 89' lang='lat' dir='ltr'><strong>non</strong></span> <span class='ocrx_word' id='word_1_142' title='bbox 521 1382 575 1419; x_wconf 84' lang='lat' dir='ltr'><strong>ita</strong></span> <span class='ocrx_word' id='word_1_143' title='bbox 603 1392 742 1428; x_wconf 76' lang='lat' dir='ltr'><strong>magna</strong></span> <span class='ocrx_word' id='word_1_144' title='bbox 770 1385 1036 1425; x_wconf 88' lang='lat' dir='ltr'><strong>(sexcenarum</strong></span> <span class='ocrx_word' id='word_1_145' title='bbox 1065 1379 1361 1424; x_wconf 87' lang='lat' dir='ltr'><strong>drachmarum).</strong></span> 
     </span>
    </p>

    <p class='ocr_par' dir='ltr' id='par_1_3' title="bbox 280 1439 1782 2630">
     <span class='ocr_line' id='line_1_18' title="bbox 388 1439 1779 1491; baseline -0.003 -9"><span class='ocrx_word' id='word_1_146' title='bbox 388 1445 447 1482; x_wconf 81' lang='lat' dir='ltr'><strong>Ex</strong></span> <span class='ocrx_word' id='word_1_147' title='bbox 478 1444 608 1482; x_wconf 86' lang='lat' dir='ltr'><strong>eodem</strong></span> <span class='ocrx_word' id='word_1_148' title='bbox 645 1444 756 1481; x_wconf 85' lang='lat' dir='ltr'><strong>titulo</strong></span> <span class='ocrx_word' id='word_1_149' title='bbox 791 1448 955 1491; x_wconf 88' lang='lat' dir='ltr'><strong>apparet</strong></span> <span class='ocrx_word' id='word_1_150' title='bbox 983 1445 1200 1480; x_wconf 86' lang='lat' dir='ltr'><strong>asservatas</strong></span> <span class='ocrx_word' id='word_1_151' title='bbox 1230 1452 1313 1479; x_wconf 87' lang='lat' dir='ltr'><strong>esse</strong></span> <span class='ocrx_word' id='word_1_152' title='bbox 1341 1440 1525 1488; x_wconf 87' lang='lat' dir='ltr'><strong>pecunias</strong></span> <span class='ocrx_word' id='word_1_153' title='bbox 1553 1449 1686 1478; x_wconf 86' lang='lat' dir='ltr'><strong>sacras</strong></span> <span class='ocrx_word' id='word_1_154' title='bbox 1713 1439 1779 1478; x_wconf 91' lang='lat' dir='ltr'><strong>illo</strong></span> 
     </span>
     <span class='ocr_line' id='line_1_19' title="bbox 285 1499 1780 1556; baseline -0.004 -10"><span class='ocrx_word' id='word_1_155' title='bbox 285 1513 456 1556; x_wconf 88' lang='lat' dir='ltr'><strong>tempore</strong></span> <span class='ocrx_word' id='word_1_156' title='bbox 492 1507 641 1545; x_wconf 90' lang='lat' dir='ltr'><strong>duobus</strong></span> <span class='ocrx_word' id='word_1_157' title='bbox 676 1508 714 1544; x_wconf 90' lang='lat' dir='ltr'><strong>in</strong></span> <span class='ocrx_word' id='word_1_158' title='bbox 748 1506 920 1554; x_wconf 90' lang='lat' dir='ltr'><strong>templis,</strong></span> <span class='ocrx_word' id='word_1_159' title='bbox 961 1507 1001 1543; x_wconf 89' lang='lat' dir='ltr'><strong>in</strong></span> <span class='ocrx_word' id='word_1_160' title='bbox 1035 1505 1118 1552; x_wconf 87' lang='lat' dir='ltr'><strong>illo,</strong></span> <span class='ocrx_word' id='word_1_161' title='bbox 1163 1503 1265 1552; x_wconf 91' lang='lat' dir='ltr'><strong>quod</strong></span> <span class='ocrx_word' id='word_1_162' title='bbox 1302 1501 1390 1539; x_wconf 82' lang='grc' dir='ltr'><em>κατ’</em></span> <span class='ocrx_word' id='word_1_163' title='bbox 1431 1499 1571 1553; x_wconf 77' lang='grc' dir='ltr'><em>ἐξοχὴν</em></span> <span class='ocrx_word' id='word_1_164' title='bbox 1605 1501 1679 1541; x_wconf 89' lang='lat' dir='ltr'><strong>hoc</strong></span> <span class='ocrx_word' id='word_1_165' title='bbox 1714 1514 1780 1540; x_wconf 92' lang='lat' dir='ltr'><strong>no-</strong></span> 
     </span>
     <span class='ocr_line' id='line_1_20' title="bbox 284 1565 1779 1619; baseline -0.004 -11"><span class='ocrx_word' id='word_1_166' title='bbox 284 1573 383 1609; x_wconf 86' lang='lat' dir='ltr'><strong>mine</strong></span> <span class='ocrx_word' id='word_1_167' title='bbox 411 1571 641 1619; x_wconf 84' lang='lat' dir='ltr'><strong>appellatur,</strong></span> <span class='ocrx_word' id='word_1_168' title='bbox 662 1569 865 1618; x_wconf 82' lang='lat' dir='ltr'><strong>Apollinis.</strong></span> <span class='ocrx_word' id='word_1_169' title='bbox 897 1572 935 1606; x_wconf 89' lang='lat' dir='ltr'><strong>et</strong></span> <span class='ocrx_word' id='word_1_170' title='bbox 961 1569 1000 1605; x_wconf 92' lang='lat' dir='ltr'><strong>in</strong></span> <span class='ocrx_word' id='word_1_171' title='bbox 1020 1567 1168 1606; x_wconf 88' lang='lat' dir='ltr'><strong>Dianae</strong></span> <span class='ocrx_word' id='word_1_172' title='bbox 1196 1565 1298 1604; x_wconf 82' lang='lat' dir='ltr'><strong>fano.</strong></span> <span class='ocrx_word' id='word_1_173' title='bbox 1335 1565 1520 1604; x_wconf 88' lang='lat' dir='ltr'><strong>Rationes</strong></span> <span class='ocrx_word' id='word_1_174' title='bbox 1547 1566 1657 1614; x_wconf 84' lang='lat' dir='ltr'><strong>ipsae</strong></span> <span class='ocrx_word' id='word_1_175' title='bbox 1685 1565 1779 1604; x_wconf 83' lang='lat' dir='ltr'><strong>satis</strong></span> 
     </span>
     <span class='ocr_line' id='line_1_21' title="bbox 280 1629 1779 1682; baseline -0.005 -10"><span class='ocrx_word' id='word_1_176' title='bbox 280 1635 513 1682; x_wconf 82' lang='lat' dir='ltr'><strong>explicatae,</strong></span> <span class='ocrx_word' id='word_1_177' title='bbox 556 1637 597 1670; x_wconf 89' lang='lat' dir='ltr'><strong>ut</strong></span> <span class='ocrx_word' id='word_1_178' title='bbox 632 1644 652 1670; x_wconf 94' lang='lat' dir='ltr'><strong>e</strong></span> <span class='ocrx_word' id='word_1_179' title='bbox 688 1633 820 1679; x_wconf 71' lang='lat' dir='ltr'><strong>viginti</strong></span> <span class='ocrx_word' id='word_1_180' title='bbox 856 1631 1062 1677; x_wconf 86' lang='lat' dir='ltr'><strong>linearum,</strong></span> <span class='ocrx_word' id='word_1_181' title='bbox 1098 1629 1237 1678; x_wconf 90' lang='lat' dir='ltr'><strong>quibus</strong></span> <span class='ocrx_word' id='word_1_182' title='bbox 1272 1633 1383 1667; x_wconf 89' lang='lat' dir='ltr'><strong>erant</strong></span> <span class='ocrx_word' id='word_1_183' title='bbox 1416 1629 1675 1676; x_wconf 86' lang='lat' dir='ltr'><strong>perscriptae,</strong></span> <span class='ocrx_word' id='word_1_184' title='bbox 1710 1639 1779 1665; x_wconf 92' lang='lat' dir='ltr'><strong>nu-</strong></span> 
     </span>
     <span class='ocr_line' id='line_1_22' title="bbox 280 1693 1780 1743; baseline -0.005 -8"><span class='ocrx_word' id='word_1_185' title='bbox 280 1709 384 1735; x_wconf 89' lang='lat' dir='ltr'><strong>mero</strong></span> <span class='ocrx_word' id='word_1_186' title='bbox 422 1697 548 1743; x_wconf 90' lang='lat' dir='ltr'><strong>colligi</strong></span> <span class='ocrx_word' id='word_1_187' title='bbox 577 1699 724 1743; x_wconf 86' lang='lat' dir='ltr'><strong>potest.</strong></span> <span class='ocrx_word' id='word_1_188' title='bbox 760 1705 896 1742; x_wconf 86' lang='lat' dir='ltr'><strong>magna</strong></span> <span class='ocrx_word' id='word_1_189' title='bbox 931 1705 976 1731; x_wconf 86' lang='lat' dir='ltr'><strong>ex</strong></span> <span class='ocrx_word' id='word_1_190' title='bbox 1005 1697 1116 1741; x_wconf 89' lang='lat' dir='ltr'><strong>parte</strong></span> <span class='ocrx_word' id='word_1_191' title='bbox 1144 1693 1361 1740; x_wconf 87' lang='lat' dir='ltr'><strong>perierunt,</strong></span> <span class='ocrx_word' id='word_1_192' title='bbox 1395 1694 1438 1728; x_wconf 91' lang='lat' dir='ltr'><strong>ut</strong></span> <span class='ocrx_word' id='word_1_193' title='bbox 1464 1701 1589 1739; x_wconf 85' lang='lat' dir='ltr'><strong>pauca</strong></span> <span class='ocrx_word' id='word_1_194' title='bbox 1615 1693 1780 1729; x_wconf 88' lang='lat' dir='ltr'><strong>tantum-</strong></span> 
     </span>
     <span class='ocr_line' id='line_1_23' title="bbox 281 1753 1779 1803; baseline -0.005 -5"><span class='ocrx_word' id='word_1_195' title='bbox 281 1760 391 1798; x_wconf 88' lang='lat' dir='ltr'><strong>modo</strong></span> <span class='ocrx_word' id='word_1_196' title='bbox 434 1761 638 1798; x_wconf 81' lang='lat' dir='ltr'><strong>restituere</strong></span> <span class='ocrx_word' id='word_1_197' title='bbox 681 1759 805 1796; x_wconf 87' lang='lat' dir='ltr'><strong>liceat.</strong></span> <span class='ocrx_word' id='word_1_198' title='bbox 868 1756 1093 1795; x_wconf 88' lang='lat' dir='ltr'><strong>Certissima</strong></span> <span class='ocrx_word' id='word_1_199' title='bbox 1134 1760 1193 1793; x_wconf 89' lang='lat' dir='ltr'><strong>est</strong></span> <span class='ocrx_word' id='word_1_200' title='bbox 1231 1755 1502 1803; x_wconf 84' lang='lat' dir='ltr'><strong>pecuniarum,</strong></span> <span class='ocrx_word' id='word_1_201' title='bbox 1547 1764 1644 1802; x_wconf 83' lang='lat' dir='ltr'><strong>quas</strong></span> <span class='ocrx_word' id='word_1_202' title='bbox 1684 1753 1779 1791; x_wconf 88' lang='lat' dir='ltr'><strong>inito</strong></span> 
     </span>
     <span class='ocr_line' id='line_1_24' title="bbox 283 1816 1780 1871; baseline -0.005 -10"><span class='ocrx_word' id='word_1_203' title='bbox 283 1824 509 1871; x_wconf 85' lang='lat' dir='ltr'><strong>magistratu</strong></span> <span class='ocrx_word' id='word_1_204' title='bbox 553 1823 590 1859; x_wconf 91' lang='lat' dir='ltr'><strong>in</strong></span> <span class='ocrx_word' id='word_1_205' title='bbox 629 1823 779 1859; x_wconf 88' lang='lat' dir='ltr'><strong>aerario</strong></span> <span class='ocrx_word' id='word_1_206' title='bbox 818 1821 1045 1858; x_wconf 88' lang='lat' dir='ltr'><strong>invenerunt</strong></span> <span class='ocrx_word' id='word_1_207' title='bbox 1082 1818 1400 1866; x_wconf 86' lang='lat' dir='ltr'><strong>Amphictyones,</strong></span> <span class='ocrx_word' id='word_1_208' title='bbox 1438 1828 1602 1856; x_wconf 84' lang='lat' dir='ltr'><strong>summa:</strong></span> <span class='ocrx_word' id='word_1_209' title='bbox 1647 1816 1780 1864; x_wconf 85' lang='lat' dir='ltr'><strong>viginti</strong></span> 
     </span>
     <span class='ocr_line' id='line_1_25' title="bbox 280 1877 1779 1929; baseline -0.005 -5"><span class='ocrx_word' id='word_1_210' title='bbox 280 1887 426 1925; x_wconf 84' lang='lat' dir='ltr'><strong>talenta</strong></span> <span class='ocrx_word' id='word_1_211' title='bbox 463 1890 500 1923; x_wconf 87' lang='lat' dir='ltr'><strong>et</strong></span> <span class='ocrx_word' id='word_1_212' title='bbox 537 1884 804 1923; x_wconf 87' lang='lat' dir='ltr'><strong>drachmarum</strong></span> <span class='ocrx_word' id='word_1_213' title='bbox 840 1883 915 1921; x_wconf 92' lang='lat' dir='ltr'><strong>duo</strong></span> <span class='ocrx_word' id='word_1_214' title='bbox 951 1882 1055 1920; x_wconf 90' lang='lat' dir='ltr'><strong>milia</strong></span> <span class='ocrx_word' id='word_1_215' title='bbox 1091 1882 1334 1929; x_wconf 86' lang='lat' dir='ltr'><strong>octingentae</strong></span> <span class='ocrx_word' id='word_1_216' title='bbox 1371 1880 1652 1928; x_wconf 85' lang='lat' dir='ltr'><strong>quinquaginta</strong></span> <span class='ocrx_word' id='word_1_217' title='bbox 1687 1877 1779 1925; x_wconf 80' lang='lat' dir='ltr'><strong>fere,</strong></span> 
     </span>
     <span class='ocr_line' id='line_1_26' title="bbox 280 1940 1780 1997; baseline -0.004 -12"><span class='ocrx_word' id='word_1_218' title='bbox 280 1960 397 1997; x_wconf 86' lang='lat' dir='ltr'><strong>quum</strong></span> <span class='ocrx_word' id='word_1_219' title='bbox 456 1960 530 1986; x_wconf 92' lang='lat' dir='ltr'><strong>non</strong></span> <span class='ocrx_word' id='word_1_220' title='bbox 585 1948 747 1995; x_wconf 84' lang='lat' dir='ltr'><strong>amplius</strong></span> <span class='ocrx_word' id='word_1_221' title='bbox 801 1946 1057 1994; x_wconf 87' lang='lat' dir='ltr'><strong>quadraginta</strong></span> <span class='ocrx_word' id='word_1_222' title='bbox 1110 1955 1242 1982; x_wconf 89' lang='lat' dir='ltr'><strong>novem</strong></span> <span class='ocrx_word' id='word_1_223' title='bbox 1294 1943 1498 1982; x_wconf 87' lang='lat' dir='ltr'><strong>drachmae</strong></span> <span class='ocrx_word' id='word_1_224' title='bbox 1549 1940 1780 1980; x_wconf 85' lang='lat' dir='ltr'><strong>intercidere</strong></span> 
     </span>
     <span class='ocr_line' id='line_1_27' title="bbox 283 2003 1781 2059; baseline -0.006 -10"><span class='ocrx_word' id='word_1_225' title='bbox 283 2012 498 2059; x_wconf 70' lang='lat' dir='ltr'><strong>potuerint,</strong></span> <span class='ocrx_word' id='word_1_226' title='bbox 542 2014 755 2058; x_wconf 87' lang='lat' dir='ltr'><strong>sequuntur</strong></span> <span class='ocrx_word' id='word_1_227' title='bbox 793 2008 932 2047; x_wconf 90' lang='lat' dir='ltr'><strong>deinde</strong></span> <span class='ocrx_word' id='word_1_228' title='bbox 974 2008 1121 2045; x_wconf 86' lang='lat' dir='ltr'><strong>fructus</strong></span> <span class='ocrx_word' id='word_1_229' title='bbox 1163 2018 1182 2044; x_wconf 91' lang='lat' dir='ltr'><strong>e</strong></span> <span class='ocrx_word' id='word_1_230' title='bbox 1224 2005 1352 2044; x_wconf 87' lang='lat' dir='ltr'><strong>fundis</strong></span> <span class='ocrx_word' id='word_1_231' title='bbox 1394 2003 1632 2055; x_wconf 77' lang='grc' dir='ltr'>(μισθώσεις</span> <span class='ocrx_word' id='word_1_232' title='bbox 1672 2015 1781 2054; x_wconf 86' lang='grc' dir='ltr'>τεμε-</span> 
     </span>
     <span class='ocr_line' id='line_1_28' title="bbox 281 2068 1781 2123; baseline -0.004 -13"><span class='ocrx_word' id='word_1_233' title='bbox 281 2075 352 2110; x_wconf 79' lang='grc' dir='ltr'><strong>νῶν</strong></span> <span class='ocrx_word' id='word_1_234' title='bbox 387 2073 434 2110; x_wconf 76' lang='grc' dir='ltr'><strong>ἐκ</strong></span> <span class='ocrx_word' id='word_1_235' title='bbox 470 2074 538 2123; x_wconf 74' lang='grc' dir='ltr'><strong>τῆς</strong></span> <span class='ocrx_word' id='word_1_236' title='bbox 566 2072 739 2123; x_wconf 63' lang='grc' dir='ltr'><em>Ῥηνείας</em></span> <span class='ocrx_word' id='word_1_237' title='bbox 773 2072 975 2120; x_wconf 87' lang='lat' dir='ltr'><strong>dispicitur</strong></span> <span class='ocrx_word' id='word_1_238' title='bbox 1011 2070 1152 2113; x_wconf 87' lang='lat' dir='ltr'><strong>adhuc)</strong></span> <span class='ocrx_word' id='word_1_239' title='bbox 1188 2074 1226 2107; x_wconf 87' lang='lat' dir='ltr'><strong>et</strong></span> <span class='ocrx_word' id='word_1_240' title='bbox 1257 2069 1431 2117; x_wconf 90' lang='lat' dir='ltr'><strong>pecuniis</strong></span> <span class='ocrx_word' id='word_1_241' title='bbox 1464 2068 1661 2107; x_wconf 80' lang='lat' dir='ltr'><strong>collocatis</strong></span> <span class='ocrx_word' id='word_1_242' title='bbox 1693 2078 1781 2115; x_wconf 88' lang='lat' dir='ltr'><strong>per-</strong></span> 
     </span>
     <span class='ocr_line' id='line_1_29' title="bbox 280 2129 1778 2184; baseline -0.006 -9"><span class='ocrx_word' id='word_1_243' title='bbox 280 2138 399 2184; x_wconf 82' lang='lat' dir='ltr'><strong>cepti,</strong></span> <span class='ocrx_word' id='word_1_244' title='bbox 436 2147 598 2184; x_wconf 87' lang='lat' dir='ltr'><strong>quorum</strong></span> <span class='ocrx_word' id='word_1_245' title='bbox 637 2140 782 2183; x_wconf 83' lang='lat' dir='ltr'><strong>quanta</strong></span> <span class='ocrx_word' id='word_1_246' title='bbox 810 2134 925 2172; x_wconf 86' lang='lat' dir='ltr'><strong>fuerit</strong></span> <span class='ocrx_word' id='word_1_247' title='bbox 960 2144 1122 2179; x_wconf 89' lang='lat' dir='ltr'><strong>summa,</strong></span> <span class='ocrx_word' id='word_1_248' title='bbox 1158 2143 1233 2170; x_wconf 90' lang='lat' dir='ltr'><strong>non</strong></span> <span class='ocrx_word' id='word_1_249' title='bbox 1262 2135 1389 2170; x_wconf 86' lang='lat' dir='ltr'><strong>exstat</strong></span> <span class='ocrx_word' id='word_1_250' title='bbox 1421 2131 1459 2168; x_wconf 93' lang='lat' dir='ltr'><strong>in</strong></span> <span class='ocrx_word' id='word_1_251' title='bbox 1495 2134 1627 2170; x_wconf 90' lang='lat' dir='ltr'><strong>nostro</strong></span> <span class='ocrx_word' id='word_1_252' title='bbox 1655 2129 1778 2168; x_wconf 88' lang='lat' dir='ltr'><strong>titulo.</strong></span> 
     </span>
     <span class='ocr_line' id='line_1_30' title="bbox 281 2193 1781 2253; baseline -0.005 -10"><span class='ocrx_word' id='word_1_253' title='bbox 281 2206 376 2244; x_wconf 85' lang='lat' dir='ltr'><strong>Nam</strong></span> <span class='ocrx_word' id='word_1_254' title='bbox 409 2217 506 2253; x_wconf 86' lang='lat' dir='ltr'><strong>quae</strong></span> <span class='ocrx_word' id='word_1_255' title='bbox 542 2205 578 2242; x_wconf 90' lang='lat' dir='ltr'><strong>in</strong></span> <span class='ocrx_word' id='word_1_256' title='bbox 607 2205 709 2242; x_wconf 87' lang='lat' dir='ltr'><strong>linea</strong></span> <span class='ocrx_word' id='word_1_257' title='bbox 743 2206 818 2241; x_wconf 78' lang='lat'><strong>27¹¹</strong></span> <span class='ocrx_word' id='word_1_258' title='bbox 845 2203 1042 2250; x_wconf 88' lang='lat' dir='ltr'><strong>leguntur:</strong></span> <span class='ocrx_word' id='word_1_259' title='bbox 1078 2199 1290 2250; x_wconf 81' lang='grc' dir='ltr'><em>κεφάλαιον</em></span> <span class='ocrx_word' id='word_1_260' title='bbox 1319 2193 1470 2250; x_wconf 81' lang='grc' dir='ltr'><strong>ᾼΔΤ</strong></span> <span class='ocrx_word' id='word_1_261' title='bbox 1488 2221 1538 2227; x_wconf 96' lang='grc'><strong>-</strong></span> <span class='ocrx_word' id='word_1_262' title='bbox 1565 2220 1615 2227; x_wconf 90' lang='grc'><strong>--</strong></span> <span class='ocrx_word' id='word_1_263' title='bbox 1641 2220 1691 2226; x_wconf 87' lang='grc'>-</span> <span class='ocrx_word' id='word_1_264' title='bbox 1718 2219 1781 2245; x_wconf 88' lang='grc'><strong>-,</strong></span> 
     </span>
     <span class='ocr_line' id='line_1_31' title="bbox 281 2260 1782 2314; baseline -0.004 -9"><span class='ocrx_word' id='word_1_265' title='bbox 281 2280 355 2305; x_wconf 88' lang='lat' dir='ltr'><strong>non</strong></span> <span class='ocrx_word' id='word_1_266' title='bbox 395 2268 442 2306; x_wconf 86' lang='lat' dir='ltr'><strong>ad</strong></span> <span class='ocrx_word' id='word_1_267' title='bbox 480 2279 562 2314; x_wconf 78' lang='lat' dir='ltr'><strong>eas,</strong></span> <span class='ocrx_word' id='word_1_268' title='bbox 606 2278 701 2314; x_wconf 86' lang='lat' dir='ltr'><strong>quas</strong></span> <span class='ocrx_word' id='word_1_269' title='bbox 738 2278 808 2314; x_wconf 89' lang='lat' dir='ltr'><strong>per</strong></span> <span class='ocrx_word' id='word_1_270' title='bbox 842 2276 980 2303; x_wconf 89' lang='lat' dir='ltr'><strong>annum</strong></span> <span class='ocrx_word' id='word_1_271' title='bbox 1017 2275 1124 2302; x_wconf 91' lang='lat' dir='ltr'><strong>suum</strong></span> <span class='ocrx_word' id='word_1_272' title='bbox 1162 2266 1412 2311; x_wconf 88' lang='lat' dir='ltr'><strong>acceperunt,</strong></span> <span class='ocrx_word' id='word_1_273' title='bbox 1446 2262 1630 2310; x_wconf 88' lang='lat' dir='ltr'><strong>pecunias</strong></span> <span class='ocrx_word' id='word_1_274' title='bbox 1671 2260 1782 2310; x_wconf 81' lang='lat' dir='ltr'><strong>(plus</strong></span> 
     </span>
     <span class='ocr_line' id='line_1_32' title="bbox 282 2324 1782 2378; baseline -0.005 -9"><span class='ocrx_word' id='word_1_275' title='bbox 282 2335 400 2376; x_wconf 82' lang='lat' dir='ltr'><strong>esset,</strong></span> <span class='ocrx_word' id='word_1_276' title='bbox 437 2341 548 2378; x_wconf 87' lang='lat' dir='ltr'><strong>quam</strong></span> <span class='ocrx_word' id='word_1_277' title='bbox 579 2333 619 2366; x_wconf 83' lang='lat' dir='ltr'><strong>ut</strong></span> <span class='ocrx_word' id='word_1_278' title='bbox 648 2329 753 2367; x_wconf 88' lang='lat' dir='ltr'><strong>credi</strong></span> <span class='ocrx_word' id='word_1_279' title='bbox 788 2331 936 2376; x_wconf 88' lang='lat' dir='ltr'><strong>posset)</strong></span> <span class='ocrx_word' id='word_1_280' title='bbox 965 2326 1103 2374; x_wconf 74' lang='lat' dir='ltr'><strong>refero,</strong></span> <span class='ocrx_word' id='word_1_281' title='bbox 1133 2325 1199 2363; x_wconf 87' lang='lat' dir='ltr'><strong>sed</strong></span> <span class='ocrx_word' id='word_1_282' title='bbox 1227 2325 1276 2363; x_wconf 91' lang='lat' dir='ltr'><strong>ad</strong></span> <span class='ocrx_word' id='word_1_283' title='bbox 1305 2325 1484 2372; x_wconf 85' lang='lat' dir='ltr'><strong>omnium,</strong></span> <span class='ocrx_word' id='word_1_284' title='bbox 1512 2335 1608 2373; x_wconf 81' lang='lat' dir='ltr'><strong>quas</strong></span> <span class='ocrx_word' id='word_1_285' title='bbox 1636 2324 1676 2362; x_wconf 92' lang='lat' dir='ltr'><strong>in</strong></span> <span class='ocrx_word' id='word_1_286' title='bbox 1703 2334 1782 2361; x_wconf 86' lang='lat' dir='ltr'><strong>ma-</strong></span> 
     </span>
     <span class='ocr_line' id='line_1_33' title="bbox 282 2386 1782 2438; baseline -0.005 -7"><span class='ocrx_word' id='word_1_287' title='bbox 282 2394 393 2431; x_wconf 78' lang='lat' dir='ltr'><strong>nibus</strong></span> <span class='ocrx_word' id='word_1_288' title='bbox 423 2392 652 2438; x_wconf 84' lang='lat' dir='ltr'><strong>habueruut,</strong></span> <span class='ocrx_word' id='word_1_289' title='bbox 682 2401 877 2435; x_wconf 79' lang='lat' dir='ltr'><strong>summam,</strong></span> <span class='ocrx_word' id='word_1_290' title='bbox 914 2394 952 2427; x_wconf 89' lang='lat' dir='ltr'><strong>et</strong></span> <span class='ocrx_word' id='word_1_291' title='bbox 985 2400 1007 2426; x_wconf 92' lang='lat' dir='ltr'><strong>a</strong></span> <span class='ocrx_word' id='word_1_292' title='bbox 1036 2389 1164 2437; x_wconf 88' lang='lat' dir='ltr'><strong>priore</strong></span> <span class='ocrx_word' id='word_1_293' title='bbox 1199 2386 1428 2426; x_wconf 85' lang='lat' dir='ltr'><strong>traditarum</strong></span> <span class='ocrx_word' id='word_1_294' title='bbox 1456 2387 1630 2435; x_wconf 89' lang='lat' dir='ltr'><strong>collegio,</strong></span> <span class='ocrx_word' id='word_1_295' title='bbox 1658 2390 1697 2424; x_wconf 88' lang='lat' dir='ltr'><strong>et</strong></span> <span class='ocrx_word' id='word_1_296' title='bbox 1720 2396 1782 2424; x_wconf 88' lang='lat' dir='ltr'><strong>co-</strong></span> 
     </span>
     <span class='ocr_line' id='line_1_34' title="bbox 281 2448 1782 2503; baseline -0.005 -9"><span class='ocrx_word' id='word_1_297' title='bbox 281 2462 453 2495; x_wconf 86' lang='lat' dir='ltr'><strong>actarum</strong></span> <span class='ocrx_word' id='word_1_298' title='bbox 488 2456 537 2493; x_wconf 88' lang='lat' dir='ltr'><strong>ab</strong></span> <span class='ocrx_word' id='word_1_299' title='bbox 573 2455 683 2503; x_wconf 82' lang='lat' dir='ltr'><strong>ipsis:</strong></span> <span class='ocrx_word' id='word_1_300' title='bbox 727 2464 886 2502; x_wconf 86' lang='lat' dir='ltr'><strong>quarum</strong></span> <span class='ocrx_word' id='word_1_301' title='bbox 924 2463 1071 2490; x_wconf 89' lang='lat' dir='ltr'><strong>summa</strong></span> <span class='ocrx_word' id='word_1_302' title='bbox 1107 2449 1273 2500; x_wconf 75' lang='grc' dir='ltr'><em>(ξύμπαν</em></span> <span class='ocrx_word' id='word_1_303' title='bbox 1307 2448 1538 2500; x_wconf 82' lang='grc' dir='ltr'><em>κεφάλαιον)</em></span> <span class='ocrx_word' id='word_1_304' title='bbox 1571 2448 1645 2487; x_wconf 83' lang='lat' dir='ltr'><strong>fuit</strong></span> <span class='ocrx_word' id='word_1_305' title='bbox 1676 2451 1782 2487; x_wconf 88' lang='lat' dir='ltr'><strong>certe</strong></span> 
     </span>
     <span class='ocr_line' id='line_1_35' title="bbox 283 2512 1782 2564; baseline -0.005 -7"><span class='ocrx_word' id='word_1_306' title='bbox 283 2521 406 2557; x_wconf 85' lang='lat' dir='ltr'><strong>maior</strong></span> <span class='ocrx_word' id='word_1_307' title='bbox 439 2530 514 2556; x_wconf 89' lang='lat' dir='ltr'><strong>uno</strong></span> <span class='ocrx_word' id='word_1_308' title='bbox 550 2522 587 2556; x_wconf 89' lang='lat' dir='ltr'><strong>et</strong></span> <span class='ocrx_word' id='word_1_309' title='bbox 629 2518 759 2564; x_wconf 77' lang='lat' dir='ltr'><strong>viginti</strong></span> <span class='ocrx_word' id='word_1_310' title='bbox 801 2516 975 2562; x_wconf 87' lang='lat' dir='ltr'><strong>talentis,</strong></span> <span class='ocrx_word' id='word_1_311' title='bbox 1017 2515 1140 2552; x_wconf 88' lang='lat' dir='ltr'><strong>minor</strong></span> <span class='ocrx_word' id='word_1_312' title='bbox 1180 2517 1307 2552; x_wconf 88' lang='lat' dir='ltr'><strong>autem</strong></span> <span class='ocrx_word' id='word_1_313' title='bbox 1348 2512 1482 2561; x_wconf 82' lang='lat' dir='ltr'><strong>viginti</strong></span> <span class='ocrx_word' id='word_1_314' title='bbox 1523 2514 1562 2550; x_wconf 88' lang='lat' dir='ltr'><strong>et</strong></span> <span class='ocrx_word' id='word_1_315' title='bbox 1601 2512 1782 2560; x_wconf 87' lang='lat' dir='ltr'><strong>quinque.</strong></span> 
     </span>
     <span class='ocr_line' id='line_1_36' title="bbox 282 2574 1782 2630; baseline -0.005 -10"><span class='ocrx_word' id='word_1_316' title='bbox 282 2583 526 2630; x_wconf 87' lang='lat' dir='ltr'><strong>Perscriptas</strong></span> <span class='ocrx_word' id='word_1_317' title='bbox 560 2580 697 2619; x_wconf 88' lang='lat' dir='ltr'><strong>deinde</strong></span> <span class='ocrx_word' id='word_1_318' title='bbox 735 2580 852 2618; x_wconf 84' lang='lat' dir='ltr'><strong>fuisse</strong></span> <span class='ocrx_word' id='word_1_319' title='bbox 890 2579 1073 2627; x_wconf 84' lang='lat' dir='ltr'><strong>pecunias</strong></span> <span class='ocrx_word' id='word_1_320' title='bbox 1108 2577 1157 2616; x_wconf 89' lang='lat' dir='ltr'><strong>ab</strong></span> <span class='ocrx_word' id='word_1_321' title='bbox 1185 2577 1279 2626; x_wconf 88' lang='lat' dir='ltr'><strong>ipsis</strong></span> <span class='ocrx_word' id='word_1_322' title='bbox 1308 2586 1497 2625; x_wconf 85' lang='lat' dir='ltr'><strong>expensas</strong></span> <span class='ocrx_word' id='word_1_323' title='bbox 1526 2574 1602 2621; x_wconf 86' lang='lat' dir='ltr'><strong>(vel</strong></span> <span class='ocrx_word' id='word_1_324' title='bbox 1630 2578 1782 2613; x_wconf 83' lang='lat' dir='ltr'><strong>mutuas</strong></span> 
     </span>
    </p>
   </div>
   <div class='ocr_carea' id='block_1_3' title="bbox 284 2702 1784 2807">
    <p class='ocr_par' dir='ltr' id='par_1_4' title="bbox 284 2702 1784 2807">
     <span class='ocr_line' id='line_1_37' title="bbox 374 2702 1784 2756; baseline -0.006 -10"><span class='ocrx_word' id='word_1_325' title='bbox 374 2714 418 2756; x_wconf 80' lang='lat'><strong>⁵⁰)</strong></span> <span class='ocrx_word' id='word_1_326' title='bbox 444 2712 480 2746; x_wconf 92' lang='lat' dir='ltr'><strong>C.</strong></span> <span class='ocrx_word' id='word_1_327' title='bbox 497 2711 522 2746; x_wconf 95' lang='lat'><strong>1.</strong></span> <span class='ocrx_word' id='word_1_328' title='bbox 538 2711 580 2745; x_wconf 84' lang='grc' dir='ltr'><strong>Α.</strong></span> <span class='ocrx_word' id='word_1_329' title='bbox 608 2710 659 2755; x_wconf 86' lang='lat'><strong>11,</strong></span> <span class='ocrx_word' id='word_1_330' title='bbox 683 2711 761 2753; x_wconf 78' lang='lat'><strong>827,</strong></span> <span class='ocrx_word' id='word_1_331' title='bbox 787 2709 808 2743; x_wconf 90' lang='lat'><strong>1.</strong></span> <span class='ocrx_word' id='word_1_332' title='bbox 833 2711 865 2744; x_wconf 90' lang='grc'><strong>9.</strong></span> <span class='ocrx_word' id='word_1_333' title='bbox 915 2708 1131 2752; x_wconf 85' lang='lat' dir='ltr'><strong>Extempore</strong></span> <span class='ocrx_word' id='word_1_334' title='bbox 1163 2705 1384 2752; x_wconf 81' lang='lat' dir='ltr'><strong>reipublicae</strong></span> <span class='ocrx_word' id='word_1_335' title='bbox 1415 2703 1549 2740; x_wconf 70' lang='lat' dir='ltr'><strong>liberae</strong></span> <span class='ocrx_word' id='word_1_336' title='bbox 1580 2702 1784 2750; x_wconf 79' lang='lat' dir='ltr'><strong>appellatur</strong></span> 
     </span>
     <span class='ocr_line' id='line_1_38' title="bbox 284 2761 1778 2807; baseline -0.005 -3"><span class='ocrx_word' id='word_1_337' title='bbox 284 2770 319 2804; x_wconf 92' lang='lat' dir='ltr'><strong>in</strong></span> <span class='ocrx_word' id='word_1_338' title='bbox 347 2769 510 2804; x_wconf 80' lang='lat' dir='ltr'><strong>Demaris</strong></span> <span class='ocrx_word' id='word_1_339' title='bbox 536 2767 718 2803; x_wconf 80' lang='lat' dir='ltr'><strong>archontis</strong></span> <span class='ocrx_word' id='word_1_340' title='bbox 744 2765 942 2801; x_wconf 83' lang='lat' dir='ltr'><strong>inventario</strong></span> <span class='ocrx_word' id='word_1_341' title='bbox 969 2765 1028 2800; x_wconf 88' lang='lat' dir='ltr'><strong>lin.</strong></span> <span class='ocrx_word' id='word_1_342' title='bbox 1053 2767 1129 2801; x_wconf 84' lang='lat'>177:</span> <span class='ocrx_word' id='word_1_343' title='bbox 1166 2764 1259 2799; x_wconf 92' lang='lat' dir='ltr'><strong>Bull.</strong></span> <span class='ocrx_word' id='word_1_344' title='bbox 1285 2763 1328 2799; x_wconf 85' lang='lat' dir='ltr'><strong>de</strong></span> <span class='ocrx_word' id='word_1_345' title='bbox 1354 2763 1452 2798; x_wconf 87' lang='lat' dir='ltr'><strong>Corr.</strong></span> <span class='ocrx_word' id='word_1_346' title='bbox 1477 2761 1648 2807; x_wconf 79' lang='lat' dir='ltr'><strong>Hen.V1‚</strong></span> <span class='ocrx_word' id='word_1_347' title='bbox 1673 2771 1707 2807; x_wconf 88' lang='lat' dir='ltr'><strong>p.</strong></span> <span class='ocrx_word' id='word_1_348' title='bbox 1724 2763 1778 2798; x_wconf 78' lang='lat'><strong>48.</strong></span> 
     </span>
    </p>
   </div>
  </div>
 </body>
</html>
