1979 3326
726 279 1010 319 -47-

117 414 316 442 sacrarum
344 413 491 440 summa
519 403 703 447 omnium,
735 415 754 440 e
783 402 1000 441 rationibus
1029 402 1088 439 his
1116 403 1338 450 perspicere
1368 403 1520 450 liceret;
1556 403 1624 442 sed

118 479 243 515 neque
286 471 418 505 55410
460 466 516 503 dr.
562 477 727 513 summa,
778 465 935 504 Cratete
985 465 1170 503 archonte
1211 467 1449 514 perscripta,
1499 478 1623 514 neque

120 535 276 569 149146
305 529 375 577 (11·.,
405 541 504 577 quae
533 531 649 568 rediit
677 531 843 568 maxima
864 530 1078 577 Glaucippo
1108 531 1302 575 archonte,
1335 538 1478 578 quanta
1506 533 1624 570 totius

113 594 301 641 pecuniae
330 605 422 642 pars
449 592 576 641 fuerit,
604 595 697 632 satis
717 598 869 632 constat
889 598 926 632 et
953 594 1090 631 inutile
1119 593 1234 632 credo
1263 595 1302 631 in
1330 606 1371 632 re
1401 600 1480 632 tam
1509 595 1626 633 dubia

113 657 174 694 vel
201 668 319 694 unum
346 656 505 694 verbum
533 657 710 705 perdere.

217 719 276 757 Ne
305 719 402 756 illud
431 719 584 767 quidem
614 721 734 767 magis
763 720 874 758 nobis
903 723 962 758 est
990 721 1202 767 cognitum,
1238 724 1383 768 quanta
1410 721 1470 758 vel
1499 722 1624 769 qualis

117 781 235 820 fuerit
261 782 335 821 hoc
362 786 535 831 tempore
565 784 699 831 templi
727 794 839 820 sacra
868 783 1060 831 supellex,
1097 787 1190 831 quot
1219 784 1296 821 sint
1325 783 1505 822 dedicata
1533 784 1623 821 ἀνα-

115 843 275 895 θήματα
301 846 341 882 in
370 845 556 893 quibusve
586 850 786 884 asservata
814 846 1004 893 delubris,
1041 858 1157 894 quum
1186 847 1442 884 inventarium
1478 848 1623 885 nullum

115 921 163 946 ex
190 909 262 947 hac
290 913 418 947 aetate
447 909 498 947 ad
525 921 594 947 nos
624 910 854 957 pervenerit,
887 910 1018 957 qualia
1045 909 1125 948 fere
1154 910 1450 948 innumerabilia
1477 911 1624 948 liberae

113 972 350 1020 reipublicae
393 972 564 1011 deliacae
607 977 781 1021 tempore
823 977 879 1020 et,
924 974 1096 1021 quamvis
1137 984 1282 1020 pauca,
1327 978 1465 1021 quarto
1509 975 1623 1011 etiam

115 1036 269 1074 saeculo
299 1040 453 1074 exstant
479 1038 708 1084 perscripta.
780 1037 820 1073 111
847 1037 906 1074 his
936 1040 1040 1074 certe
1077 1037 1209 1073 insunt
1244 1037 1384 1083 multa,
1419 1035 1551 1085 φιάλαι
1587 1041 1625 1073 et

111 1097 274 1149 ποτήρια
307 1099 501 1147 inprimis,
538 1112 636 1147 quae
672 1101 754 1138 sine
790 1100 906 1138 dubio
940 1101 1017 1137 iam
1054 1099 1144 1137 belli
1178 1099 1494 1146 peloponnesiaci
1530 1103 1625 1136 tem-

114 1173 208 1210 pore
236 1162 297 1200 vel
326 1163 440 1200 etiam
469 1167 583 1202 antea
611 1168 701 1201 sunt-
729 1163 872 1209 dicata,
901 1163 969 1200 sed
997 1174 1123 1210 neque
1153 1161 1351 1199 donatoris
1381 1163 1532 1200 nomine
1560 1173 1626 1199 ne-

113 1236 187 1272 que
216 1236 316 1263 anno
346 1225 600 1265 dedicationis
631 1227 826 1274 adscripto
855 1226 1029 1274 dignosci
1057 1226 1162 1263 nullo
1191 1226 1303 1263 modo
1323 1230 1488 1273 possunt
1515 1238 1626 1273 prae-

112 1291 172 1326 ter
204 1300 330 1336 pauca
364 1289 572 1337 quaedam,
617 1290 685 1328 sed
720 1302 766 1328 ea
801 1291 957 1328 maximi
990 1290 1118 1337 pretii.
1188 1289 1360 1326 Primum
1394 1289 1495 1326 inter
1530 1289 1626 1326 haec

112 1351 239 1389 locum
267 1352 443 1390 obtinent
463 1353 564 1391 dona
584 1353 785 1401 quaedam,
815 1353 864 1391 ab
884 1353 1102 1391 hominibus
1122 1353 1285 1400 privatis
1305 1353 1490 1399 temporis
1511 1353 1624 1390 huius

112 1414 361 1453 nobilissimis
390 1415 536 1454 dicata:
573 1421 662 1454 sunt
690 1421 841 1454 centum
871 1421 909 1455 et
937 1421 1023 1455 octo
1053 1415 1279 1465 στλεγγίδες
1312 1413 1510 1464 ἐπίτηκτος
1540 1417 1625 1458 (vit-

112 1481 238 1515 tarum
267 1477 307 1515 id
335 1490 419 1516 esse
448 1490 567 1526 genus
597 1479 788 1527 quoddam
816 1480 953 1517 statuit
973 1478 1247 1525 Boeckhius54)
1278 1483 1314 1516 et
1343 1489 1486 1516 corona
1507 1489 1627 1516 aurea

112 1539 247 1578 Niciae
276 1541 449 1579 Nicerati
483 1540 508 1578 f.
542 1541 810 1588 Atheniensis;
846 1545 998 1579 centum
1036 1545 1074 1579 et
1109 1541 1237 1579 decem
1277 1546 1362 1579 octo
1402 1539 1626 1591 στλεγγίδες

114 1601 262 1641 Calliae
281 1603 490 1651 Hipponici
518 1604 543 1641 f.
563 1605 829 1650 Atheniensis;
859 1616 1002 1642 corona
1032 1616 1150 1642 aurea
1170 1603 1328 1642 frontali
1349 1608 1485 1642 ornata
1505 1606 1625 1641 Auto-

113 1665 182 1703 clis
202 1665 375 1704 Tolmaei
403 1666 428 1704 f.
449 1668 714 1713 Atheniensis;
745 1668 884 1715 quibus
913 1667 1080 1715 adiungo
1111 1667 1334 1705 dubitanter
1364 1667 1514 1714 quidem
1538 1667 1626 1716 φιά-

114 1726 180 1777 λην
207 1734 442 1777 argenteam,
472 1742 584 1779 quam
607 1730 805 1769 dicaverat
825 1730 1066 1778 Euthydicus
1087 1730 1235 1768 Dioclis
1265 1729 1290 1766 f.
1312 1730 1626 1776 Atheniensis.⁵⁵)

114 1791 245 1840 Atque
273 1792 410 1831 Niciae
440 1797 478 1831 et
506 1794 670 1841 Calliae,
708 1806 804 1842 quos
833 1793 1052 1832 divitiarum
1083 1793 1346 1840 magnitudine
1381 1797 1538 1840 praeter
1566 1805 1627 1831 ce-

114 1858 219 1894 teros
248 1858 430 1904 aequales
458 1856 636 1896 floruisse
657 1861 821 1903 constat,
851 1856 953 1904 quod
974 1857 1128 1894 nomina
1155 1860 1309 1903 patrum
1340 1857 1420 1893 sine
1449 1857 1529 1895 ulla
1559 1857 1627 1894 du—

116 1917 307 1957 bitatione
341 1919 600 1968 adscripsi,⁵⁶›
637 1932 712 1959 non
739 1932 886 1966 vereor,
914 1931 961 1956 ne
988 1920 1073 1967 quis
1100 1918 1191 1956 mihi
1222 1918 1473 1966 obloquatur3
1501 1921 1626 1957 minus

114 1984 222 2019 certa
259 1993 322 2019 res
352 1986 412 2019 est
439 1982 485 2021 de
514 1983 689 2030 Autocle,
725 1995 837 2030 quem
867 1982 1029 2020 eundem
1058 1993 1142 2019 esse
1178 1983 1295 2019 statui
1325 1982 1410 2020 aliis
1439 1993 1627 2029 praeeun-

116 2043 221 2081 tibus
258 2048 375 2092 atque
409 2049 628 2093 praetorem
657 2045 763 2082 illum
792 2044 852 2081 bis
882 2056 904 2082 a
932 2043 1156 2091 Thucydide
1186 2043 1481 2090 appellatum-²³⁷)
1511 2049 1626 2092 atque

119 2117 139 2144 e
173 2107 296 2145 titulis
331 2119 484 2156 quoque
520 2109 648 2146 atticis
685 2107 884 2148 notum.⁵⁸)
941 2107 1092 2144 Niciam
1128 2117 1244 2154 quum
1273 2111 1424 2144 constet
1451 2107 1626 2145 theoriae

115 2167 288 2206 deliacae
323 2168 538 2217 praefuisse
575 2173 690 2217 atque
726 2170 926 2207 occasione
956 2169 1027 2206 hac
1054 2180 1164 2206 usum
1193 2168 1375 2215 templum
1407 2168 1517 2206 donis
1547 2171 1625 2207 suis

115 2241 287 2277 ornasse,
315 2242 392 2269 non
422 2243 552 2270 errare
579 2231 673 2268 mihi
693 2231 836 2273 videor,
867 2232 899 2268 si
927 2230 1028 2268 idem
1057 2229 1103 2267 de
1133 2229 1282 2267 duobus
1312 2231 1471 2278 reliquis
1502 2244 1621 2269 sumo.

112 2293 166 2331 Et
201 2305 317 2341 quum
350 2295 501 2333 Niciam
534 2296 681 2343 primae
716 2293 930 2342 praefuisse
975 2293 1150 2331 theoriae
1193 2296 1353 2330 conatus
1397 2294 1467 2331 sim
1506 2306 1625 2342 supra

115 2354 398 2405 demonstrare,
438 2358 643 2397 Autoclem
677 2357 727 2395 ad
765 2357 972 2396 secundam
1013 2355 1140 2394 refero
1181 2355 1442 2403 penteterida:
1486 2359 1625 2395 tertiae

208 2512 257 2553 ⁵4)
283 2510 534 2547 Staatshaush.
560 2511 593 2546 d.
620 2511 751 2546 Athen.
779 2511 847 2553 11³,
873 2522 905 2554 p.
925 2513 1001 2546 289.
1165 2512 1209 2556 ⁵⁵)
1237 2512 1307 2547 Cir.
1334 2522 1427 2546 nunc
1454 2512 1623 2555 rationes,

115 2568 160 2603 ab
185 2568 497 2614 amphictyonibus
523 2569 726 2604 Timocrate
752 2569 923 2603 archonte
950 2569 1187 2614 perscriptas,
1213 2570 1274 2604 lin.
1298 2572 1494 2605 113—119:
1534 2568 1626 2602 Bull.

115 2623 159 2658 de
177 2624 275 2660 Corr.
293 2624 386 2660 Hell.
405 2625 448 2670 X,
474 2637 507 2670 p.
526 2628 603 2661 465.
714 2626 757 2669 ⁵⁶)
785 2625 920 2659 Calliae
947 2631 1106 2660 ceterum
1132 2626 1242 2660 semel
1268 2631 1322 2661 est
1348 2626 1462 2670 patris
1489 2625 1625 2668 Hippo-

115 2681 188 2716 nici
212 2691 342 2716 nomen
367 2682 544 2718 additum:
571 2682 649 2717 C.1.
666 2683 709 2716 A.
737 2682 781 2726 11,
807 2685 885 2725 824,
912 2682 972 2716 lin.
990 2685 1114 2718 9—10.
1266 2684 1312 2726 57)
1338 2682 1537 2726 Thucydid.
1566 2682 1625 2725 lv,

114 2741 171 2783 53,
202 2742 235 2782 1;
264 2741 338 2784 119,
363 2742 394 2775 2.
533 2741 580 2783 ⁵⁸)
606 2740 684 2775 c.1.
700 2740 742 2773 A.
769 2740 796 2784 1,
827 2742 1017 2785 iso—183,
1041 2740 1101 2774 lin.
1125 2743 1175 2776 16.
