1957 3326
887 271 1168 311 „24-

281 395 441 432 tatione:
484 405 599 442 quum
635 394 771 441 Datis,
809 394 1043 442 expeditioni
1078 394 1283 433 Persarum
1320 395 1512 434 secundae
1546 395 1779 445 praefectus,

280 457 354 494 iam
390 456 540 494 Naxum
576 457 756 503 insulam,
798 456 1006 505 Cycladum
1043 459 1207 496 omnium
1245 459 1476 507 principem,
1511 459 1778 507 popularetur,

281 518 352 556 hoc
387 520 561 567 exemplo
596 519 727 558 Delios
768 522 995 568 perterritos
1031 521 1177 559 Tenum
1217 521 1452 570 profugisse,
1487 521 1556 559 sed
1589 532 1674 560 esse
1709 533 1780 570 per

281 593 492 630 praecones
530 583 567 619 in
604 583 767 630 patriam
798 588 997 622 revocatos
1026 595 1046 621 a
1076 583 1237 630 Datide‚
1273 587 1311 622 et
1338 595 1407 622 suo
1435 584 1557 632 ipsius
1585 585 1713 623 animo
1742 588 1781 624 et

283 645 388 682 iussu
418 644 534 682 Darei
563 645 664 692 regis
692 645 854 683 duorum
883 645 1040 684 deorum
1070 647 1305 685 maiestatem
1335 647 1611 694 Deliorumque
1639 648 1780 686 saucti-

281 710 397 744 tatem
432 710 508 744 tam
551 718 781 755 magnopere
817 712 1036 755 reverente,
1081 713 1121 747 ut
1155 721 1202 747 ne
1237 710 1399 748 classem
1428 708 1580 757 quidem
1622 709 1672 748 ad
1704 709 1780 748 De-

283 769 361 807 lum
390 769 585 817 appellere
614 769 793 816 auderet,
830 770 898 808 sed
932 772 970 808 in
998 771 1157 810 Rhenea
1192 771 1317 810 insula
1350 772 1580 810 consisteret
1615 771 1779 820 indeque

282 832 479 881 profectus
520 832 568 871 ad
611 844 715 871 aram
758 833 948 881 Apollinis
990 838 1162 872 trecenta
1202 835 1301 872 turis
1341 835 1488 872 talenta
1527 834 1780 873 combureret.

281 895 456 933 Fuerunt
497 896 631 942 etiam,
675 897 740 944 qui
781 896 880 935 113110
916 897 1122 935 Persarum
1164 897 1272 935 ducis
1315 908 1407 944 erga
1447 896 1561 935 deum
1596 897 1781 945 pietatem

282 963 514 996 conarentur
541 960 596 997 ita
633 959 846 1007 explicare,
881 963 923 997 ut
951 960 1202 1007 opinarentur
1236 959 1296 997 vel
1329 959 1548 1007 Apollinem
1583 970 1608 998 a
1639 958 1781 997 Datide

283 1020 443 1058 eundem
479 1033 562 1059 esse
597 1021 768 1061 habitum
803 1028 918 1072 atque
953 1024 1135 1062 Mithram
1170 1025 1382 1072 persicum,
1416 1023 1475 1060 vel
1508 1021 1627 1061 fuisse
1661 1033 1782 1071 quon-

282 1082 367 1120 dam
398 1083 483 1121 Deli
520 1083 611 1123 deos
649 1086 833 1133 quosdam
870 1087 1076 1125 orientales
1112 1087 1254 1134 cultos,
1291 1097 1451 1134 quorum
1480 1090 1573 1124 tunc
1599 1085 1783 1124 memoria

282 1151 478 1193 permotus
507 1146 736 1186 sacrificium
771 1148 916 1187 fecerit.
965 1149 1041 1188 Sed
1073 1151 1297 1198 priusquam
1322 1149 1368 1187 de
1395 1149 1522 1187 causis
1548 1148 1782 1187 disseramus

286 1208 347 1246 dei
393 1220 417 1246 a
462 1209 590 1248 Persis
637 1211 833 1259 honorati,
887 1224 962 1261 quo
1006 1224 1025 1250 e
1067 1213 1170 1251 fonte
1216 1216 1333 1250 totam
1380 1212 1480 1251 hanc
1521 1211 1780 1251 narrationem

283 1271 503 1310 Herodotus
532 1272 714 1321 hauserit,
744 1278 802 1312 est
830 1274 1104 1322 quaerendum3
1132 1286 1256 1322 neque
1285 1274 1333 1312 ad
1361 1273 1667 1322 investigandum
1685 1271 1783 1311 diffi-

283 1333 355 1372 cile
385 1338 455 1380 est,
485 1334 515 1371 si
544 1339 767 1382 reputamus
796 1340 833 1373 et
861 1335 907 1374 de
936 1336 1022 1374 aliis
1050 1340 1206 1384 praeter
1233 1336 1384 1374 Naxum
1413 1335 1657 1385 Cycladibus,
1690 1346 1783 1384 quo-

283 1395 394 1434 modo
429 1401 558 1434 essent
592 1408 615 1434 a
642 1397 773 1436 Persis
812 1398 1012 1443 subactae,
1047 1410 1207 1446 prorsus
1236 1410 1321 1437 eum
1348 1400 1516 1438 tacuisse
1545 1399 1654 1448 (quia
1678 1398 1783 1436 vide-

284 1459 374 1497 licet
409 1460 443 1497 ei
478 1471 552 1497 11011
588 1462 781 1509 cognitum
816 1465 915 1507 erat)
952 1466 990 1500 et
1023 1462 1111 1499 Deli
1146 1474 1231 1500 eum
1267 1463 1417 1511 longius
1451 1465 1725 1501 commoratum
1762 1473 1782 1500 e

283 1522 452 1560 locorum
494 1525 783 1563 accuratissima
825 1526 986 1563 seientia
1026 1526 1206 1573 perspici.
1269 1525 1346 1563 Sed
1386 1524 1479 1573 quid
1519 1524 1638 1563 verba
1671 1523 1783 1572 facio,

284 1596 399 1632 quum
446 1586 527 1633 ipse
574 1587 704 1634 paullo
749 1592 838 1635 post
883 1588 1015 1626 Delios
1063 1588 1284 1626 nominatim
1332 1587 1406 1626 sibi
1445 1591 1623 1626 auctores
1665 1587 1783 1626 fuisse

284 1647 402 1685 dicat!
459 1648 606 1695 Quibus
640 1651 876 1698 perspectis,
912 1651 984 1688 13111
1019 1651 1227 1698 suspicioni
1263 1651 1369 1688 locus
1405 1651 1519 1689 datur
1553 1663 1636 1690 esse
1663 1654 1786 1690 totam

284 1710 382 1748 113110
423 1713 681 1750 narrationem
723 1724 747 1751 a
786 1713 908 1751 Deliis
949 1715 988 1751 in
1029 1713 1210 1752 honorem
1252 1714 1399 1753 insulae
1442 1725 1535 1753 suae
1570 1712 1784 1762 confictam,

284 1777 521 1822 augeturque
565 1774 661 1814 haec
703 1777 872 1824 suspicio
908 1781 945 1815 et
978 1777 1026 1815 ad
1062 1782 1205 1816 certum
1248 1777 1492 1826 perducitur,
1527 1779 1559 1816 si
1595 1778 1710 1816 altius
1743 1778 1783 1816 in

284 1847 362 1874 rem
399 1837 638 1884 inquirimus.
699 1839 751 1877 Ut
789 1841 904 1879 missa
938 1840 1095 1888 faciam,
1131 1853 1244 1890 quam
1279 1853 1354 1880 non
1388 1842 1438 1879 sit
1475 1840 1678 1879 verisimile
1707 1844 1785 1879 tre-

287 1903 399 1938 centa.
435 1911 559 1938 secum
596 1901 725 1939 Datim
766 1904 863 1941 turis
905 1904 1051 1943 talenta
1090 1905 1251 1943 navibus
1285 1906 1453 1952 vexisse,
1500 1915 1615 1953 quam
1654 1905 1785 1952 inepte

283 1962 479 2000 inventum
509 1963 703 2012 Rheneae‚
740 1977 814 2004 non
844 1966 931 2004 Deli
965 1968 1182 2005 constitisse
1210 1968 1416 2006 Persarum
1452 1967 1633 2015 classem,
1669 1978 1784 2016 quum

283 2026 346 2063 vix
375 2030 456 2064 tota
485 2025 582 2065 freto
606 2029 712 2066 inter
740 2029 825 2067 illas
853 2030 998 2068 insulas
1027 2031 1255 2078 interposito
1283 2030 1554 2078 angustissimo
1579 2035 1785 2079 caperetur

289 2110 325 2114 -
368 2093 457 2126 sunt
492 2091 588 2127 enim
626 2091 720 2128 haec
754 2092 903 2130 minora
937 2104 1111 2141 quaeque
1147 2093 1258 2131 facile
1287 2093 1336 2131 ad
1364 2091 1670 2141 amplificandam
1699 2103 1784 2131 ora-

284 2151 424 2188 tionem
462 2152 617 2190 inventa
654 2164 737 2190 esse
771 2159 933 2201 possunt
972 2177 1033 2201 -,
1075 2166 1186 2203 quam
1223 2159 1282 2193 est
1314 2155 1571 2202 incredibilis,
1613 2167 1726 2204 quam
1760 2167 1785 2195 a

284 2225 374 2252 vero
402 2226 561 2262 prorsus
590 2216 804 2254 abhorrens
833 2222 915 2255 tota
942 2217 1037 2256 haec
1065 2218 1252 2256 narratio!
1319 2218 1529 2257 Devastata
1555 2218 1666 2257 Naxo
1694 2229 1784 2266 pro-

285 2275 426 2323 fugisse
462 2289 501 2315 se
540 2278 639 2316 Delii
676 2279 872 2325 dicebant,
913 2285 954 2318 at
987 2281 1100 2318 Naxii
1137 2281 1266 2318 Persis
1302 2282 1483 2319 resistere
1518 2286 1609 2320 sunt
1641 2281 1782 2328 conati,

285 2340 431 2378 insulas
460 2352 549 2379 vero
578 2343 746 2390 reliquas
776 2344 849 2381 iam
879 2348 967 2381 ante
997 2344 1277 2391 expeditionem
1307 2345 1444 2383 factam
1465 2349 1607 2383 terram
1627 2354 1783 2392 aquam·

286 2414 359 2450 que
396 2404 442 2441 iis
477 2403 627 2442 dedisse
663 2406 810 2452 signum
847 2406 1113 2444 oboedientiae
1148 2407 1294 2445 diserte
1329 2411 1495 2446 testatur
1527 2406 1626 2445 idem
1662 2407 1784 2446 Hero·

285 2464 456 2511 dotus:²)
511 2477 559 2504 an
606 2467 804 2505 credemus
851 2469 963 2507 dictis
1002 2469 1119 2507 Darei
1166 2471 1266 2519 regis
1310 2470 1596 2518 obtemperasse
1639 2469 1784 2509 viribus

376 2607 403 2651 2)
430 2607 598 2642 llcrodot.
626 2608 691 2653 vl,
717 2611 776 2644 49:
817 2610 949 2648 πάντες
981 2610 1020 2643 δὲ
1053 2615 1224 2656 νησιῶται
1257 2611 1295 2650 ἐς
1320 2610 1401 2650 τοὺς
1429 2610 1613 2644 ἀπικοίατο
1637 2611 1725 2657 (scil.
1751 2612 1784 2645 vl

286 2663 451 2709 κήρυκες)
477 2663 608 2698 ἔδοσαν
635 2665 676 2699 τά
703 2664 900 2711 προΐσχετο
925 2666 1053 2700 αἰτέων
1079 2668 1097 2701 ὁ
1125 2665 1275 2713 Πέρσης,
1301 2667 1341 2702 οἵ
1360 2679 1395 2702 τε
1421 2667 1465 2713 δὴ
1490 2665 1588 2702 ἄλλοι
1614 2672 1784 2714 νησιῶται

286 2720 423 2754 διδοῦσι
446 2724 512 2766 γῆν
541 2733 580 2755 τε
607 2723 663 2756 καὶ
687 2721 784 2767 ὕδωρ
813 2724 965 2768 Δαρείῳ,
994 2725 1049 2756 καὶ
1075 2724 1119 2769 δὴ
1144 2725 1201 2757 καὶ
1227 2724 1416 2770 Αἰγινῆται.
