1957 3326
912 303 1194 344 -74-

305 427 428 466 maior
456 437 637 465 numerus
658 425 786 476 fuerit,
813 428 970 467 dubium
996 438 1072 465 non
1101 431 1178 465 est:
1207 426 1482 466 verisimillima
1507 426 1624 475 igitur
1650 429 1712 466 est
1727 425 1807 466 Ho-

304 490 424 527 mollii
454 491 645 528 sententia
672 491 804 529 titulos
833 492 980 530 liberae
1007 500 1159 538 quoque
1187 489 1422 538 reipublicae
1441 488 1613 528 deliacae
1637 487 1688 528 ad
1707 488 1807 528 hanc

306 564 384 590 rem
415 552 679 590 illustrandam
702 553 932 600 adhibentis,
961 556 1168 601 quaternos
1189 564 1273 590 esse
1294 552 1500 600 quotannis
1518 555 1683 590 creatos.
1729 549 1806 590 Sed

306 614 354 652 de
384 614 442 652 his
472 614 573 653 infra
601 615 710 653 nobis
736 616 924 664 agendum
945 617 1036 661 erit3
1064 626 1165 653 nunc
1183 615 1256 653 hoc
1275 614 1393 653 addo:
1423 614 1603 662 quoniam
1622 616 1807 662 quattuor

307 677 431 714 tribus
460 678 606 716 ionicas
634 678 722 716 Deli
750 678 869 717 fuisse
897 690 968 727 pro
997 678 1196 726 explorato
1224 677 1359 715 haberi
1386 680 1527 725 potest,
1555 679 1595 714 et
1621 679 1807 724 quattuor

303 741 393 777 item
422 741 589 778 virorum
618 740 736 779 fuisse
766 741 938 780 videmus
968 740 1062 779 illud
1091 740 1315 787 collegium,
1352 739 1445 777 satis
1473 749 1558 776 esse
1584 737 1805 784 verisimile,

304 803 516 851 antiquitus
553 803 615 840 hic
651 816 824 852 quoque,
859 808 903 842 ut
931 804 1110 849 Athenis,
1145 802 1314 850 singulos
1349 813 1397 840 ex
1432 800 1593 848 singulis
1628 799 1805 838 tribubus

307 878 391 904 esse
434 867 575 904 electos
620 867 858 915 hieropoeos.
944 867 1079 914 Neque
1123 867 1265 903 maiore
1307 875 1422 912 quam
1463 863 1534 900 hos
1575 861 1805 900 auctoritate

304 940 413 966 usum
453 940 536 966 esse
571 930 610 967 in
644 929 760 968 rebus
797 931 917 967 sacris
952 928 1266 967 administrandis
1303 930 1477 965 senatum
1513 924 1702 964 deliacum
1738 924 1804 963 ad-

302 992 454 1031 modum
487 996 545 1030 est
577 992 798 1039 probabile,
834 996 877 1030 ut
911 992 1032 1039 magis
1066 991 1223 1029 honoris
1259 1000 1376 1028 causa
1411 988 1461 1027 ad
1493 987 1693 1026 consilium
1728 998 1806 1026 am·

303 1055 588 1103 phictyonicum
618 1054 831 1092 adhibitum
861 1065 945 1092 enm
975 1065 1059 1092 esse
1088 1052 1299 1101 putandum
1330 1053 1398 1099 sit,
1440 1063 1488 1090 ne
1523 1051 1675 1089 omnino
1703 1050 1806 1089 Delii

303 1128 327 1155 a
353 1116 497 1164 templo
527 1115 676 1154 deliaco
712 1116 850 1153 seclusi
879 1119 996 1163 atque
1024 1114 1215 1162 segregati
1249 1113 1489 1160 viderentur-3
1527 1112 1596 1151 sed
1622 1113 1663 1151 in
1689 1114 1806 1151 ratio-

304 1178 416 1216 nibus
447 1182 694 1226 quaestorum
724 1177 989 1216 examinandis
1013 1177 1108 1214 nihil
1136 1175 1308 1224 impedit,
1337 1177 1540 1225 quominus
1568 1175 1729 1214 eandem
1756 1176 1804 1223 ei,

303 1253 415 1290 quam
442 1241 604 1278 Athenis
633 1241 928 1289 quingentorum
957 1243 1113 1277 senatus
1142 1238 1291 1286 habuit,
1318 1241 1549 1286 potestatem
1577 1237 1804 1286 tribuamus,

302 1309 345 1342 ut
375 1305 410 1341 ei
438 1303 551 1342 modo
585 1304 727 1341 rationi
763 1302 984 1341 reddendae
1019 1303 1206 1339 interesse
1240 1305 1279 1339 et
1305 1301 1490 1349 pecunias
1525 1304 1630 1339 recte
1663 1312 1805 1349 pensas

303 1378 386 1404 esse
416 1367 570 1410 testari,
605 1377 680 1404 non
721 1366 813 1414 ipsi,
852 1366 884 1403 si
913 1364 1005 1413 quid
1038 1368 1237 1412 peccatum
1273 1367 1393 1409 esset,
1427 1363 1598 1402 iudicare
1632 1363 1803 1402 licuerit:

302 1428 620 1477 quemadmodum
658 1430 697 1466 in
732 1428 908 1475 decreto,
944 1439 1019 1475 quo
1055 1426 1091 1463 οἱ
1117 1425 1250 1476 ταμίαι
1284 1425 1362 1463 τῶν
1397 1424 1523 1463 ἄλλων
1560 1423 1662 1462 θεῶν
1695 1426 1805 1464 insti-

303 1496 476 1535 tuuntur.
506 1495 689 1539 prytanes
715 1491 899 1539 pecunias
928 1501 951 1528 a
976 1489 1058 1528 deis
1077 1493 1229 1526 mutuas
1249 1492 1421 1536 sumptas
1440 1487 1603 1526 reddere
1621 1488 1805 1527 iubentur

297 1553 400 1605 μετὰ
429 1555 498 1604 τῆς
524 1553 679 1603 βουλῆς,
708 1555 732 1590 i.
748 1565 780 1591 e.
811 1564 939 1591 coram
969 1551 1182 1597 senatu;⁷⁴)
1211 1551 1367 1589 dubium
1397 1551 1496 1588 enim
1516 1562 1591 1589 non
1611 1555 1683 1598 est,
1711 1552 1804 1600 quin

301 1618 571 1662 Athenienses,
600 1628 684 1654 cum
712 1617 901 1664 Apollinis
930 1628 991 1653 res
1021 1626 1151 1654 sacras
1180 1615 1281 1653 bona
1310 1614 1384 1652 fide
1412 1614 1673 1652 administrari
1700 1614 1802 1662 ipso-

303 1692 386 1718 rum
416 1681 633 1725 interesset,
663 1691 775 1727 quam
805 1679 989 1726 plurimos
1017 1678 1202 1716 adhibere
1224 1677 1426 1723 voluerint,
1454 1677 1519 1725 qui
1548 1680 1587 1714 et
1611 1679 1803 1716 examina-

301 1747 388 1781 rent
415 1743 585 1780 rationes
615 1747 664 1787 et,
693 1743 725 1780 si
746 1741 838 1790 quid
858 1753 933 1779 non
953 1743 1048 1779 satis
1067 1745 1172 1779 recte
1193 1744 1296 1779 esset
1314 1743 1454 1786 actum,
1483 1751 1563 1778 rem
1582 1739 1632 1778 ad
1651 1739 1803 1779 iudices

301 1805 506 1844 deferrent.

403 1868 571 1906 Maxime
606 1867 744 1905 deinde
779 1867 914 1904 mirum
953 1865 1075 1904 videri
1113 1864 1250 1911 debet,
1291 1863 1394 1913 quod
1428 1864 1468 1902 in
1502 1865 1614 1903 titulo
1656 1868 1803 1914 nostro,

302 1930 477 1968 undecim
508 1941 584 1968 non
613 1929 777 1977 amplius
805 1929 916 1967 annis
944 1932 1033 1976 post
1060 1931 1346 1966 monumentum
1375 1925 1644 1966 Sandwicense
1680 1928 1802 1977 lapidi

301 1994 462 2031 incisum
491 1993 724 2039 conscripto,
753 1991 859 2029 nulla
887 1991 934 2029 de
963 1990 1196 2028 Andriorum
1227 1990 1285 2028 vel
1313 1990 1475 2028 aliorum
1505 1991 1696 2030 sociorum
1723 2002 1803 2030 am·

301 2055 571 2104 phictyonibus
600 2054 643 2092 fit
670 2055 824 2092 mentio.
889 2053 1023 2102 Itaque
1053 2054 1232 2102 quoniam
1260 2053 1466 2091 verisimile
1495 2064 1571 2091 non
1599 2057 1659 2092 est
1685 2064 1800 2102 pecu-

302 2120 384 2156 nias
413 2118 565 2166 quidem
596 2117 656 2155 dei
687 2128 770 2154 esse
799 2117 1051 2154 communiter
1085 2128 1107 2154 a
1143 2116 1304 2154 concilio
1339 2115 1647 2164 amphictyonico
1681 2115 1802 2155 admi-

303 2181 500 2225 nistratas,
529 2178 714 2217 donorum
744 2190 834 2217 vero
864 2183 902 2216 et
923 2178 1173 2226 supellectilis
1195 2189 1328 2216 sacrae
1350 2189 1481 2216 curam
1504 2177 1802 2217 Atheniensibus

301 2244 393 2282 solis
422 2243 659 2289 mandatam,
696 2242 900 2280 tenendum
930 2243 1081 2279 videtur
1109 2241 1180 2279 hoc
1208 2246 1381 2289 tempore
1410 2240 1534 2279 nullos
1570 2240 1644 2278 iam
1680 2240 1801 2279 socio·

303 2317 387 2344 rum
423 2305 710 2353 amphictyones
744 2304 881 2350 fuisse,
916 2305 1143 2353 praesertim
1178 2315 1262 2342 cum
1298 2308 1454 2352 praeter
1485 2313 1653 2342 marmor
1680 2302 1803 2342 Sand-

302 2369 465 2405 wicense
502 2368 539 2404 in
569 2379 644 2405 uno
679 2367 942 2405 tantummodo
976 2367 1077 2404 tituli
1112 2366 1324 2415 fragmento
1360 2365 1641 2414 amphictyonis
1675 2365 1801 2404 andrii

302 2430 498 2467 cuiusdam
529 2430 707 2477 vestigia,
742 2431 967 2467 tenuissima
995 2441 1087 2467 sane
1123 2433 1239 2478 atque
1275 2429 1549 2475 incertissima,
1585 2427 1801 2467 Homollius

302 2494 492 2530 invenisse
523 2492 595 2529 sibi
625 2493 727 2530 visus
757 2494 817 2529 sit.
829 2492 877 2537 ¹¹⁵)
931 2492 1082 2530 Etenim
1111 2493 1302 2540 cognitum
1332 2491 1518 2530 babemus
1543 2489 1800 2529 Athenienses

301 2556 375 2592 iam
404 2558 482 2592 tum
512 2555 550 2591 in
579 2553 693 2592 rebus
723 2555 900 2603 gerendis
927 2567 973 2593 ea
999 2567 1083 2593 esse
1104 2566 1193 2593 usos
1211 2555 1374 2601 ratione,
1403 2565 1480 2603 qua
1498 2553 1607 2592 brevi
1625 2556 1799 2601 tempore

301 2618 490 2656 sociorum
530 2619 676 2656 animos
713 2630 737 2657 a
773 2630 813 2657 se
848 2622 1048 2666 tantopere
1084 2618 1369 2665 abalienarent‚
1411 2620 1454 2655 ut
1487 2616 1612 2665 prima
1643 2614 1801 2665 Epami-

392 2754 438 2797 u)
463 2753 534 2788 C.1.
545 2753 588 2787 A.
606 2753 634 2797 1,
658 2755 713 2797 32,
738 2752 797 2787 lin.
812 2756 935 2788 9-10.
1030 2753 1073 2797 ⁷⁵)
1099 2752 1192 2787 Bull.
1211 2751 1244 2787 d.
1259 2750 1571 2797 Corr.Hell.V111‚
1591 2761 1626 2797 p.
1637 2750 1706 2788 317
1720 2759 1798 2796 sqq.
