1957 3293
890 306 1198 346 —212—

295 443 412 480 supra
439 431 547 477 dixi),
591 431 655 479 qui
685 430 805 469 Deliis
835 429 1073 468 celebrandis
1110 430 1355 468 interessent:
1398 429 1447 468 ad
1488 429 1602 468 Delia
1641 433 1789 469 tantum

295 507 359 533 eos
390 507 473 533 esse
501 496 649 539 missos,
679 506 752 532 non
782 495 870 532 item
906 493 953 531 ad
984 494 1187 541 Apollinea
1227 493 1315 532 inde
1343 497 1461 542 patet,
1503 493 1606 542 quod
1647 494 1789 531 nomini

295 558 422 596 Medei
452 558 579 596 Medei
608 557 645 604 f.‚
675 559 739 605 qui
767 569 865 595 unus
895 562 954 594 est
988 557 1098 595 nobis
1133 557 1352 595 nominatim
1383 557 1555 596 Deliasta
1595 556 1789 604 notus‚¹⁴⁹)

295 633 369 659 non
390 625 448 659 est
468 621 671 667 adiectum,
702 620 750 658 ad
779 620 881 668 quod
910 619 1048 658 festum
1077 621 1127 657 sit
1155 621 1306 666 missuS‚
1335 630 1419 657 cum
1447 621 1485 657 in
1515 619 1648 658 eodem
1677 620 1790 658 titulo

296 697 404 723 soror
447 686 527 723 eius
556 685 677 722 maior
712 688 803 721 natu
841 683 889 720 ad
927 683 1036 721 Delia
1069 683 1162 726 sola,
1198 683 1320 720 minor
1357 686 1562 730 praeterea
1597 683 1709 721 etiam
1740 683 1789 721 ad

295 748 499 795 Apollinea
519 748 669 786 dicatur
689 745 914 796 κανηφόρος
935 750 1047 793 capta
1069 757 1151 783 esse
1172 767 1220 772 —
1241 746 1421 783 omissum
1450 749 1509 783 est
1527 743 1614 783 festi
1642 756 1791 794 nomen,

297 812 386 858 quia
414 812 494 848 sine
525 810 639 848 dubio
669 809 717 848 ad
746 821 861 846 unum
890 814 1035 847 tantum
1058 809 1238 847 sollemne
1259 809 1354 846 mitti
1385 808 1562 847 solebant
1580 807 1789 856 Deliastae‚

295 873 471 911 videlicet
500 873 548 911 ad
585 873 703 911 Delia.
760 872 910 910 Similes
952 872 1114 909 ministri
1156 871 1312 909 honoris
1353 875 1391 908 et
1432 883 1593 920 pompae
1637 872 1792 926 maioris

294 947 422 982 causa,
467 937 547 973 sine
583 940 687 974 certo
717 934 853 981 officio,
897 935 1093 973 constituti
1128 934 1244 972 fuisse
1281 933 1458 973 videntur
1485 933 1650 972 cliduchi
1678 933 1793 977 (κλει-

295 997 461 1050 δοῦχοι),
491 999 556 1046 qui
586 999 739 1046 saepius
768 1000 805 1036 in
834 999 954 1036 titulis
983 1002 1190 1036 occurrunt
1209 1009 1336 1036 annuo
1365 1002 1470 1036 certe
1498 1008 1654 1036 munere
1681 1009 1792 1046 prae-

295 1061 362 1099 diti
391 1066 505 1110 atque
541 1063 628 1100 item
659 1074 677 1100 e
706 1062 951 1100 nobilissimis
980 1060 1150 1107 familiis,
1187 1073 1206 1099 e
1235 1060 1373 1109 quibus
1403 1061 1517 1099 etiam
1553 1060 1786 1109 sacerdotes,

296 1124 408 1162 electi
436 1146 485 1152 —
514 1124 777 1163 adolescentes
812 1125 870 1162 vel
899 1125 1026 1172 pueri3
1061 1125 1099 1162 in
1128 1124 1318 1172 Apollinis
1353 1123 1458 1162 cultu
1493 1123 1587 1161 nulli
1615 1123 1791 1162 videntur

295 1186 454 1225 adhibiti
484 1199 579 1234 esse,
609 1191 952 1226 commemorantur
979 1192 1127 1225 tantum
1148 1185 1237 1229 Διὸς
1259 1184 1496 1232 Ιιύνθίουῑω)
1526 1191 1565 1224 et
1591 1188 1787 1235 aegyptio-

295 1261 375 1287 rum
406 1249 638 1295 deorum¹⁵¹)
676 1250 860 1296 cliduchi,
902 1249 1064 1287 fortasse
1094 1250 1208 1287 etiam
1238 1249 1399 1287 Veneris
1429 1247 1581 1296 Syriae,
1625 1248 1693 1287 sed
1720 1249 1792 1288 hoc

294 1314 418 1350 minus
447 1312 672 1359 certum.¹⁵2)
714 1314 854 1351 Nescio
883 1325 930 1351 an
959 1314 1144 1351 ministris
1172 1313 1230 1350 his
1259 1311 1568 1350 adnumerandus
1597 1312 1646 1349 sit
1673 1311 1797 1363 κῆρυξ

295 1375 350 1418 εἰς
384 1375 502 1426 Δῆλον
544 1377 698 1424 saepius
740 1377 776 1413 in
807 1374 992 1428 ἀπαρχῶν
1033 1375 1166 1414 tabula
1193 1373 1491 1424 appellatus‚¹⁵³)
1521 1385 1632 1423 quem
1661 1375 1793 1414 eodem

295 1450 379 1477 esse
435 1451 590 1477 munere
644 1439 814 1477 functum
866 1443 982 1487 atque
1037 1437 1270 1488 ἱεροκήρυκα
1327 1442 1500 1485 tempore
1558 1438 1793 1486 reipublicae

294 1501 438 1540 liberae
467 1507 730 1540 occurrentem
761 1503 1073 1540 verisimillimum
1104 1502 1192 1539 mihi
1221 1500 1384 1539 videtur.

396 1565 521 1613 Magis
562 1570 691 1603 notum
735 1570 792 1604 est
839 1570 954 1614 atque
996 1566 1218 1612 saepissime
1261 1565 1374 1602 etiam
1417 1564 1579 1602 Athenis
1626 1566 1793 1604 occurrit

296 1629 529 1679 uadepwv
559 1641 694 1667 nomen
724 1633 761 1666 et
788 1641 937 1674 munus,
968 1639 1127 1676 quarum
1157 1628 1249 1665 satis
1278 1627 1419 1665 multae
1448 1628 1486 1664 in
1515 1626 1672 1666 deliacis
1701 1639 1795 1676 quo-

295 1704 367 1740 que
385 1693 506 1729 titulis
523 1692 768 1740 appellantur
788 1703 863 1729 non
884 1691 1040 1729 dearum
1056 1691 1167 1728 modo
1187 1691 1376 1728 variarum
1396 1690 1514 1728 cultui
1534 1694 1793 1739 consecratae,

293 1747 372 1801 sed,
402 1755 503 1803 quod
534 1757 694 1802 mireris,
725 1757 837 1793 etiam
859 1754 1099 1795 deorum-¹⁵4)
1152 1755 1382 1802 Saepissime
1411 1755 1655 1792 nominantur
1682 1767 1794 1805 κανη-

295 1818 411 1868 φόροι
448 1820 485 1855 in
522 1818 644 1856 Deliis
674 1823 740 1856 aut
772 1818 986 1865 Apollineis
1015 1816 1331 1862 celebrandis¹⁵⁵)
1359 1815 1486 1854 officio
1521 1817 1594 1855 hoc
1627 1815 1792 1865 functae,

295 1893 390 1929 quas
420 1881 567 1919 Dianae
597 1881 714 1919 fuisse
757 1882 984 1929 putaverim,
1031 1881 1121 1919 licet
1161 1880 1276 1918 semel
1305 1884 1483 1918 occurrat
1523 1881 1635 1919 etiam
1683 1893 1794 1931 κανη-

294 1944 420 1994 φόρος
450 1945 639 1992 Apollinis
676 1943 989 1991 Venerisque¹⁵⁶)
1019 1965 1067 1970 -—
1099 1955 1118 1981 e
1155 1942 1400 1981 nobilissimis
1435 1943 1601 1981 civitatis
1639 1942 1792 1982 familiis

295 2019 425 2045 omnes
455 2011 590 2055 captae
620 2006 684 2050 (ab
713 2006 915 2052 archonte,
950 2009 992 2042 ut
1019 2004 1177 2043 credere
1206 2005 1314 2050 licet,
1350 2016 1568 2052 quanquam
1595 2004 1708 2043 huius
1736 2006 1793 2044 rei

296 2069 371 2108 duo
399 2074 547 2108 tantum
577 2067 825 2116 exempla¹⁵⁷)
868 2069 1144 2114 innotuerunt),
1187 2067 1475 2115 epimeletarum
1504 2071 1542 2106 et
1569 2067 1795 2106 archontum

392 2190 450 2232 ¹⁴9)
478 2189 569 2223 Bull.
597 2188 628 2222 d.
655 2188 752 2222 Corr.
780 2187 872 2222 Hell.
899 2186 961 2231 ΙΙΙ,
990 2197 1022 2231 p.
1041 2189 1117 2222 379.
1268 2187 1329 2228 ¹⁵⁰)
1354 2185 1522 2230 Lebegue
1550 2186 1796 2222 »Recherches

297 2259 358 2283 sur
384 2246 510 2282 Delos«
539 2257 571 2279 n.
590 2249 610 2280 2
637 2250 669 2279 et
687 2248 727 2289 93
754 2244 846 2279 Bull.
873 2244 904 2278 d.
932 2244 1028 2278 Corr.
1056 2243 1147 2278 Hell.
1168 2243 1227 2288 Vl,
1254 2254 1287 2288 p.
1307 2246 1383 2279 344.
1543 2246 1601 2291 ¹³¹)
1629 2243 1796 2280 mnam,-

294 2306 410 2351 χήσας
430 2301 616 2347 Σαράπιδι,
632 2301 745 2346 Ἴσιδι,
767 2301 954 2343 Ἀνυύβιδιε
982 2301 1074 2335 Bull.
1093 2301 1126 2335 (l.
1144 2301 1241 2336 Corr.
1262 2300 1352 2335 Hell.
1369 2301 1428 2345 VI,
1447 2313 1480 2346 p.
1496 2304 1580 2347 3263
1605 2301 1667 2338 cfr.
1687 2302 1795 2338 etiam

299 2362 382 2397 ibid.
403 2361 462 2405 Vl,
489 2372 520 2404 p.
539 2363 621 2403 329,
647 2363 733 2402 342,
759 2362 842 2402 346,
868 2358 1020 2393 fortasse
1038 2362 1116 2394 348.
1282 2359 1342 2400 ¹⁵²)
1368 2358 1583 2403 Appellatur
1606 2359 1700 2395 enim
1725 2369 1797 2394 una

298 2430 377 2454 cum
403 2417 587 2453 sacerdote
616 2417 764 2451 Veneris
797 2417 937 2461 Syriae:
978 2416 1068 2451 Bull.
1095 2416 1127 2450 d.
1153 2417 1250 2451 Corr.
1277 2416 1369 2452 Hell.
1388 2416 1448 2459 VI,
1474 2427 1507 2461 p.
1525 2419 1602 2453 348.

391 2477 451 2518 ¹⁵³)
479 2474 556 2509 (3.1,
574 2475 615 2507 A.
636 2473 685 2515 ll,
711 2476 796 2515 985,
828 2473 952 2516 fragm.
980 2473 1030 2517 Ι),
1057 2473 1122 2507 col.
1149 2473 1182 2517 Ι,
1217 2473 1276 2507 lin.
1308 2476 1347 2509 13
1372 2479 1407 2508 et
1431 2473 1472 2508 E.
1499 2474 1563 2509 col.
1589 2474 1633 2518 1‚·
1654 2474 1715 2509 lin.
1746 2477 1796 2518 15,

299 2536 445 2576 43—44,
469 2534 614 2566 65—66.
788 2532 847 2573 ¹⁵⁴)
873 2532 1083 2574 Quanquam
1109 2531 1288 2575 cognitum
1315 2531 1486 2567 habemus
1512 2532 1618 2568 etiam
1643 2531 1796 2567 Athenis

299 2590 528 2625 constitutam
554 2589 663 2623 fuisso
691 2588 822 2623 Bacchi
850 2590 1076 2634 κανηφύρον,
1103 2600 1208 2633 quam
1235 2589 1367 2624 archon
1393 2600 1522 2635 capere
1547 2589 1700 2625 solebat:
1725 2598 1797 2633 qua

300 2648 342 2682 ‹le
369 2658 406 2681 re
432 2646 494 2680 cfr.
520 2646 688 2681 Koehleri
715 2646 1006 2680 commentarium
1033 2646 1076 2680 ad
1104 2647 1139 2680 (3.
1156 2646 1181 2680 1.
1197 2650 1238 2681 A.
1257 2646 1302 2691 ΙΙ,
1328 2649 1405 2682 420.
1560 2647 1620 2690 ¹⁶⁵)
1645 2645 1737 2681 Bull.
1762 2645 1795 2680 d.

300 2706 396 2739 Corr.
424 2703 514 2739 Hell.
540 2704 602 2747 111,
629 2715 660 2748 p.
680 2705 746 2739 379
771 2708 806 2738 et
832 2706 915 2746 3803
944 2704 1003 2747 xl,
1030 2715 1061 2748 p.
1082 2707 1157 2739 262.
1300 2705 1360 2748 158)
1386 2704 1473 2740 Ibid.
1503 2704 1579 2749 vn,
1598 2715 1631 2750 p.
1649 2706 1726 2740 ³67.

394 2762 452 2805 ¹⁵⁷)
478 2760 676 2805 C.1.A.11‚
703 2762 770 2795 420
795 2766 829 2795 et
858 2761 1077 2803 Dittenherg.
1106 2761 1189 2805 Syll.
1217 2761 1325 2797 Inscr.
1353 2762 1479 2797 Gracc.
1505 2772 1559 2797 no.
1578 2763 1655 2798 383.
