1957 3326
936 298 1219 339 ...62-

328 424 541 471 principem
577 423 701 460 locum
736 421 910 459 obtinere
945 432 1029 468 eas,
1072 432 1170 469 quae
1204 422 1242 458 in
1278 419 1510 468 Cycladibus
1550 421 1686 460 insulis
1727 422 1825 460 sitae

330 490 429 522 sunt.
483 485 739 523 Nominantur
767 484 919 521 omnino
947 483 1060 521 haec:
1097 483 1270 530 Andros,
1299 482 1416 531 Ceos,
1445 484 1651 532 Myconos,
1678 484 1823 531 Naxos,

331 548 466 594 Paros,
495 546 691 595 Seriphos,
720 546 898 594 Siphnos,
919 545 1049 593 Snos,
1071 545 1211 593 Tenos,
1240 545 1378 584 deinde
1394 545 1578 594 Carystos
1597 548 1637 585 in
1651 546 1827 593 Euboea,

330 609 436 647 Oene
465 614 504 647 et
523 610 712 647 Thermae
741 609 780 646 in
801 609 912 646 Icaro
941 609 1038 646 sitae
1066 612 1104 646 et
1123 608 1198 646 Ios.
1246 608 1348 655 Quia
1365 619 1456 647 vero
1484 619 1689 647 usurarum
1709 619 1830 657 quan-

329 676 407 709 tum
441 683 512 719 per
545 672 751 710 triennium
787 675 825 709 et
857 671 1023 708 solutum
1060 671 1111 708 sit
1145 674 1184 708 et
1219 681 1294 708 non
1330 671 1495 709 solutum
1533 673 1690 720 (quarto
1727 681 1828 709 anno

329 735 458 772 nescio
495 745 608 782 quam
642 733 690 771 ob
726 744 881 771 causam
918 734 1045 772 nullae
1086 738 1176 771 sunt
1210 737 1390 781 pensae),
1429 738 1609 773 accurate
1644 735 1684 772 in
1717 733 1831 772 titulo

331 802 457 836 exstat.
484 798 758 845 perscriptum,
788 807 971 834 summam
1001 808 1132 834 earum
1161 797 1343 844 colligere
1372 808 1497 845 neque
1525 796 1736 845 quidquam
1764 796 1830 834 ha-

330 862 395 898 bet
422 861 566 908 negotii
596 864 635 897 et
662 870 802 907 operae
836 860 1002 906 pretium
1037 863 1115 905 est,
1150 870 1235 897 cum
1270 859 1359 897 inde
1393 859 1497 898 facili
1531 859 1829 898 ratiocinatione

329 927 553 970 computare
588 922 703 960 liceat
735 926 857 960 totum
892 933 958 959 aes
993 922 1158 959 alienum
1199 923 1342 970 templo
1376 921 1566 969 debitum,
1606 921 1647 959 id
1682 924 1742 960 est
1781 942 1830 948 —

330 996 513 1024 summam
542 985 706 1023 omnium
736 984 798 1022 dei
825 985 1086 1032 pecuniarum.

434 1050 468 1086 A
497 1049 670 1095 pecuniis
699 1047 829 1085 ordior
856 1047 1095 1094 civitatibus,
1125 1059 1223 1096 quae
1252 1059 1371 1096 supra
1398 1048 1618 1096 appellatae
1646 1050 1747 1095 sunt,
1775 1045 1828 1085 fe·

332 1113 416 1149 nori
445 1110 623 1155 datis:³⁷)
655 1122 815 1158 quarum
845 1109 943 1147 duae
969 1132 1019 1137 —
1040 1109 1223 1158 Seriphos
1251 1115 1290 1149 et
1318 1110 1381 1149 Ios
1401 1132 1450 1139 κ-
1470 1121 1602 1149 omnes
1620 1120 1771 1157 usuras,
1781 1108 1831 1156 ³⁸)

332 1178 418 1212 octo
447 1178 597 1222 partem
625 1178 772 1212 tantum
801 1174 1087 1222 pependerunt:

1627 1234 1832 1263 usurarum

586 1277 857 1324 persolverunt
1162 1275 1340 1314 residuae
1368 1275 1525 1314 fuerunt
1655 1286 1818 1314 summa:

332 1339 399 1378 Cei
757 1341 856 1377 5472
877 1338 934 1376 dr.
964 1339 1040 1383 4¹l²
1060 1338 1120 1376 ob.
1193 1340 1292 1377 4127
1309 1338 1365 1377 dr.
1397 1338 1470 1383 1¹s2
1489 1338 1550 1377 ob.
1656 1342 1757 1376 9600
1776 1337 1833 1375 dr.

330 1402 499 1450 Myconii
759 1406 855 1439 1260
875 1401 933 1440 dr.
1219 1406 1293 1439 420
1313 1401 1368 1439 dr.
1661 1405 1757 1440 1680
1776 1399 1833 1438 dr.

331 1465 436 1503 Parii
755 1466 854 1502 2970
875 1463 931 1501 dr.
1168 1468 1293 1503 25830
1313 1463 1370 1502 dr.
1631 1467 1756 1502 28800
1776 1462 1833 1500 dr.

331 1527 497 1575 Seriphii
758 1531 854 1564 1600
874 1526 931 1564 dr.
1657 1530 1753 1565 1600
1772 1524 1831 1563 dr.

332 1590 481 1637 Siphnii
755 1593 854 1627 3190
875 1589 932 1626 dr.
962 1594 985 1626 4
1005 1588 1065 1627 ob.
1192 1593 1291 1627 2089
1311 1588 1368 1626 dr.
1399 1593 1422 1626 2
1440 1588 1501 1626 ob.
1656 1592 1755 1626 5280
1775 1586 1833 1625 dr.

333 1652 434 1700 Syrii
759 1656 858 1690 2300
879 1651 935 1689 dr.
1192 1656 1291 1690 4900
1312 1651 1368 1688 dr.
1656 1651 1755 1689 7200
1774 1649 1832 1688 dr.

331 1715 442 1753 Tenii
754 1718 853 1751 6000
873 1713 930 1750 dr.
1187 1718 1287 1752 2400
1307 1713 1364 1751 dr.
1655 1716 1756 1750 8400
1775 1712 1833 1750 dr.

335 1776 481 1815 Oenaei
509 1778 548 1814 in
578 1777 686 1814 Icaro
760 1781 859 1815 4000
880 1776 936 1813 dr.
1193 1781 1292 1814 6080
1312 1775 1369 1813 dr.
1634 1779 1756 1814 10080
1775 1773 1833 1812 dr.

332 1840 535 1877 Thermaei
564 1840 601 1876 in
628 1839 739 1876 Icaro
782 1843 856 1877 400
876 1838 933 1876 dr.
1218 1843 1292 1877 400
1312 1838 1369 1876 dr.
1682 1842 1757 1876 800
1776 1836 1833 1875 dr.

333 1902 437 1941 Ietae
781 1905 855 1939 800
876 1900 932 1938 dr.
1681 1905 1757 1938 800
1776 1898 1833 1936 dr.

436 1988 552 2034 Tres,
581 1998 742 2035 quorum
772 1987 927 2024 nomina
955 1989 1188 2034 sequuntur,
1217 1985 1311 2023 nihil
1339 1996 1409 2034 per
1436 1986 1641 2024 triennium
1670 1996 1834 2034 perpen—

335 2050 487 2097 derunt,
515 2061 600 2088 cum
629 2049 833 2087 deberent:

879 2111 1035 2149 Andrii:
1069 2116 1113 2150 12
1129 2117 1203 2150 000
1222 2110 1279 2149 dr.

878 2175 1012 2212 Naxii:
1092 2180 1114 2212 9
1131 2179 1205 2212 600
1225 2173 1282 2212 dr.

880 2237 1064 2285 Carystii:
1094 2241 1116 2275 8
1132 2242 1206 2275 400
1225 2236 1282 2274 dr.

334 2312 482 2350 Pensae
518 2313 634 2359 igitur
670 2316 758 2349 sunt
793 2313 839 2350 27
857 2316 931 2349 993
960 2311 1018 2349 dr.
1055 2311 1130 2356 2¹s2
1157 2311 1238 2355 ob.,
1275 2321 1350 2349 non
1383 2309 1604 2358 persolutae
1638 2320 1710 2358 per
1743 2320 1835 2358 qua·

337 2374 552 2412 driennium
584 2376 630 2411 76
649 2379 721 2412 246
743 2374 798 2411 dr.
829 2374 905 2417 3¹s2
924 2374 1003 2419 ob.;
1032 2384 1234 2411 usurarum
1264 2383 1288 2411 a
1314 2371 1497 2410 tredecim
1522 2371 1743 2410 civitatibus
1771 2371 1836 2410 de-

334 2437 501 2475 bitarum
533 2448 678 2474 summa
711 2442 779 2475 104
797 2441 870 2474 240
889 2436 944 2473 dr.
999 2436 1106 2482 Quae
1135 2446 1220 2473 cum
1248 2438 1378 2473 essent
1405 2446 1475 2483 per
1503 2438 1686 2483 quattuor
1713 2445 1835 2473 annos

426 2574 473 2615 ⁸⁷)
496 2572 545 2607 M.
574 2571 712 2607 Sandw.
740 2582 773 2615 p.
799 2576 870 2605 ant.
897 2571 957 2605 lin.
981 2574 1128 2614 11—l5;
1155 2570 1279 2614 postic.
1305 2569 1365 2604 lin.
1389 2571 1507 2605 1-10.
1644 2569 1693 2613 ⁸⁸)
1716 2569 1836 2605 Causa

335 2640 403 2665 non
438 2629 568 2673 liquet,
601 2639 664 2663 cur
689 2638 816 2662 usuras
842 2639 905 2672 pro
932 2633 1102 2671 quattuor
1132 2627 1235 2662 annis
1260 2626 1399 2662 debitas
1431 2626 1545 2671 primo
1569 2626 1724 2663 triennio
1755 2637 1834 2672 per·

335 2687 517 2731 solverint,
542 2691 577 2721 et
594 2686 788 2720 absolvisse
812 2695 873 2719 eas
890 2691 1025 2720 certum
1052 2690 1117 2730 est,
1142 2695 1221 2719 cum
1240 2685 1275 2718 in
1301 2693 1448 2719 numero
1465 2693 1598 2728 earum,
1623 2695 1716 2729 qnae
1740 2684 1836 2720 iusta

335 2754 404 2778 non
430 2742 687 2788 pependerunt,
712 2742 896 2776 civitatum
923 2752 990 2777 nou
1018 2742 1228 2776 referantur.
