1979 3326
744 322 1026 364 -41-

143 451 203 491 Ol.
225 456 286 498 91,
307 456 329 490 3
352 454 440 490 acta
460 453 590 488 essent
607 449 733 496 Delia,
764 449 818 486 eis
837 448 969 486 Nicias
989 448 1176 485 interesse
1197 457 1272 484 non
1301 447 1504 494 potuisset,
1532 444 1647 483 classi

140 520 218 554 tum
241 514 533 554 Atheniensium
555 513 766 561 Syracusas
788 511 979 550 obsidenti
998 509 1228 557 praefectus.
1273 509 1348 547 Sed
1377 521 1475 557 quae
1496 509 1647 547 Plutar-

141 579 236 617 chus
264 578 312 616 de
339 577 466 616 choris
496 580 585 614 ante
605 576 740 613 Niciae
760 575 948 613 theoriam
968 574 1074 611 nullo
1103 572 1236 611 ordine
1257 572 1542 620 appellentibus
1571 583 1648 608 me-

141 642 286 680 moriae
314 640 487 687 tradidit,
515 640 743 687 praesertim
766 650 880 686 quum
901 650 920 675 e
949 641 1032 675 tota
1059 636 1280 674 narratione
1310 639 1499 682 appareat
1526 646 1572 672 ne
1593 638 1648 672 te-

141 705 363 744 nuissimam
386 705 539 753 quidem
559 703 744 741 festorum
766 701 1109 750 quinquennalium
1131 711 1215 737 eum
1237 699 1431 737 notionem
1452 697 1647 744 habuisse,

138 769 235 806 nihil
268 767 448 816 impedit,
485 767 687 815 quominus
722 765 772 804 ad
807 776 872 803 eos
907 763 1145 810 referantur,
1183 775 1280 811 quos
1309 762 1358 800 ad
1387 773 1499 801 sacra
1526 762 1645 810 Apol-

138 831 242 869 linea
281 841 410 868 annua
451 832 541 867 ante
581 826 836 877 πεντετηρίὸα
871 827 1088 864 institut-am
1130 826 1267 863 missos
1310 837 1394 863 esse
1437 826 1547 863 testis
1591 829 1650 863 est

139 890 462 941 Thucydides;42)
496 891 741 929 verisimilius
777 890 877 928 enim
915 889 1006 926 mihi
1040 889 1192 926 videtur
1226 889 1483 927 Athenienses
1520 893 1558 926 et
1592 890 1649 926 in-

138 957 246 996 sulae
275 955 499 994 lustrandae
533 955 656 992 virum
683 956 829 1002 pietate
858 955 1046 1001 insignem
1081 957 1120 991 et
1147 953 1248 991 ludis
1279 952 1646 1000 quinquennalibus,

137 1021 303 1069 primum
332 1032 448 1068 quum
476 1018 631 1064 fierent,
666 1019 832 1056 maximo
870 1023 1062 1066 apparatu
1100 1016 1342 1055 celebrandis
1371 1016 1646 1063 praeposuisse

141 1083 372 1122 ditissimum
407 1086 524 1130 atque
557 1083 596 1120 in
623 1081 825 1130 republica
859 1081 1028 1130 gerenda
1062 1082 1120 1118 rei
1147 1079 1348 1118 familiaris
1377 1079 1531 1116 minime
1560 1090 1649 1126 par—

140 1158 226 1185 cum
254 1168 291 1172 —
315 1145 465 1183 Niciam
486 1145 660 1183 Nicerati
679 1144 724 1191 f.;
752 1144 854 1193 quod
875 1146 907 1182 si
927 1156 1058 1182 verum
1079 1147 1149 1190 est,
1169 1143 1304 1180 melius
1335 1142 1449 1179 etiam
1478 1141 1649 1189 intellegi

138 1213 279 1258 potest,
308 1220 376 1247 cur
403 1207 562 1246 fundum
590 1209 698 1245 illum
729 1219 909 1256 magnum
937 1219 1014 1245 non
1043 1207 1114 1245 deo
1145 1206 1283 1245 dicarit
1311 1216 1475 1252 sacrum,
1506 1205 1574 1243 sed
1599 1204 1649 1243 ad

138 1271 338 1310 Deliorum
371 1268 570 1311 ἑστιάσεις
598 1270 821 1317 assignarit:
865 1269 1061 1316 videlicet,
1096 1273 1139 1307 ut
1166 1269 1360 1316 placaret,
1395 1269 1454 1306 his
1484 1268 1647 1316 aliisque

138 1335 481 1373 emolumentorum
509 1333 703 1371 illecebris
731 1334 953 1380 propositis,
981 1333 1078 1370 iram
1107 1332 1303 1370 hominum
1335 1343 1594 1370 »sacrorum«.

238 1397 495 1435 Nihilominus
523 1396 597 1434 hoc
625 1396 754 1435 odium
782 1408 859 1435 non
887 1397 943 1434 ita
977 1397 1096 1434 multo
1131 1400 1221 1443 post
1249 1397 1423 1444 erupisse
1454 1396 1645 1443 suspicari

142 1461 244 1508 licet,
274 1460 377 1509 quod
397 1459 701 1498 Atheniensibus
731 1460 863 1498 utilius
894 1464 952 1498 est
972 1461 1093 1497 visum
1115 1463 1204 1497 ante
1227 1459 1397 1497 secunda
1416 1458 1530 1497 Delia
1551 1460 1648 1497 cele-

137 1523 253 1562 brata
286 1526 408 1561 totum
441 1522 643 1561 Deliorum
682 1523 866 1570 populum
902 1523 1029 1561 insula
1061 1523 1274 1570 expellere,
1310 1522 1572 1570 impuritatem
1602 1523 1648 1560 iis

141 1586 435 1635 exprobrantes,
463 1590 506 1624 ut
526 1587 581 1624 ait
600 1585 910 1634 Thucydides,4³)
932 1586 1105 1624 Diodoro
1127 1590 1254 1624 autem
1283 1586 1316 1623 si
1343 1586 1453 1623 malis
1477 1585 1648 1632 credere,

139 1649 533 1689 Lacedaemoniorum
562 1649 666 1697 quod
693 1648 869 1687 faverent
896 1649 1094 1697 partibus,
1126 1647 1440 1692 criminantes.44)
1497 1648 1648 1696 Thucy-

141 1712 251 1751 dides
280 1724 380 1761 quae
408 1712 533 1760 affert,
562 1716 668 1750 certe
697 1713 792 1750 nihil
821 1716 910 1750 sunt
929 1714 1003 1750 nisi
1023 1713 1079 1750 rei
1108 1713 1274 1751 iniustae
1302 1713 1403 1750 mala
1433 1713 1649 1757 excusatio;

141 1775 210 1814 sed
238 1787 314 1814 non
341 1776 430 1824 plus
461 1780 520 1814 est
551 1775 643 1814 fidei
670 1775 888 1814 habendum
921 1776 1084 1814 Diodori
1114 1776 1258 1814 verbis:
1298 1788 1347 1814 an
1377 1775 1561 1814 credibile
1592 1780 1649 1813 est

143 1838 398 1877 Athenienses
427 1840 543 1877 maris
563 1840 681 1878 totius
702 1839 876 1877 dominos
895 1840 1070 1877 timuisse
1098 1840 1247 1877 insulae
1275 1839 1460 1886 parvulae
1488 1839 1648 1884 incolas,

138 1913 186 1940 ne
213 1913 300 1940 cum
319 1902 637 1941 Lacedaemoniis
657 1902 882 1940 societatem
909 1901 1078 1939 inirent?
1118 1902 1370 1939 Verisimilius
1398 1901 1552 1939 videtur
1572 1901 1648 1939 De-

138 1965 276 2004 liorum
297 1965 346 2004 ob
374 1965 509 2013 templi
528 1965 900 2004 administrationem
922 1970 1095 2013 ereptam
1123 1965 1252 2004 odium
1273 1965 1406 2004 eodem
1435 1964 1515 2003 fere
1536 1965 1648 2003 modo

139 2039 224 2066 esse
253 2027 527 2083 significatum,
564 2040 639 2076 quo
675 2029 816 2066 multos
850 2033 941 2076 post
975 2040 1096 2067 annos
1126 2029 1286 2076 legimus
1315 2030 1354 2066 in
1382 2029 1496 2066 titulo
1526 2028 1648 2066 Saud-

139 2091 306 2139 wicensi,
334 2096 379 2129 ut
406 2091 648 2129 contumeliis
677 2090 879 2129 afficerent
897 2092 1192 2130 Atheniensium
1222 2093 1470 2139 magistratus
1501 2096 1538 2130 et
1566 2096 1648 2130 tur-

143 2155 282 2194 barent
314 2166 377 2193 res
406 2166 542 2194 sacras
569 2154 726 2204 fanique
756 2156 948 2194 violarent
976 2157 1234 2194 sanctitatem.
1291 2155 1383 2193 Dixi
1413 2167 1531 2203 supra
1561 2160 1649 2193 ante

140 2217 256 2256 Delia
284 2216 342 2255 01.
370 2221 432 2264 89,
461 2222 483 2256 3
517 2222 577 2262 (=
598 2221 689 2264 421)
725 2217 922 2255 celebrata
955 2230 1040 2255 esse
1074 2218 1206 2266 pulsos
1241 2218 1390 2256 Delios:
1429 2220 1650 2256 accuratius

139 2281 255 2318 etiam
282 2283 433 2327 tempus
463 2278 623 2318 defineri
651 2285 792 2328 potest,
822 2292 936 2329 quum
967 2278 1167 2332 ἐκεχειρία
1215 2293 1285 2329 per
1314 2293 1429 2330 quam
1459 2282 1646 2320 accidisse

139 2343 214 2382 hoc
241 2354 264 2382 a
291 2343 519 2392 Thucydide
547 2344 714 2382 traditur
742 2345 937 2392 corruptis
967 2356 1059 2383 sane
1086 2345 1232 2391 verbis,
1268 2356 1425 2383 necesse
1456 2345 1505 2382 sit
1535 2345 1650 2392 signi-

141 2404 231 2444 ficet
258 2417 390 2444 sacras
419 2406 506 2445 illas
536 2407 705 2446 indutias
735 2408 783 2446 ob
807 2408 1028 2456 Pythiorum
1060 2409 1261 2446 sollemnia
1289 2407 1424 2454 factas,
1454 2419 1553 2455 quae
1576 2408 1650 2445 Bu-

140 2470 241 2508 catio
260 2480 390 2507 mense
413 2469 597 2518 Delphico
618 2471 677 2508 vel
693 2470 999 2517 Metageituione
1021 2471 1140 2509 att-ico
1161 2471 1357 2508 celebrata
1377 2482 1460 2508 esse
1483 2482 1502 2508 e
1525 2471 1648 2508 titulis

140 2536 272 2571 notum
300 2536 360 2571 est
387 2554 434 2559 —
462 2534 547 2581 ipso
575 2535 693 2582 igitur
719 2535 828 2572 initio
858 2535 947 2572 anui
976 2539 1066 2572 sunt
1092 2535 1254 2582 expulsi.
1294 2534 1422 2581 Atque
1452 2534 1597 2579 exules,
1628 2545 1649 2570 a

142 2595 346 2634 Pharnace
365 2595 558 2645 Phrygiae
577 2597 890 2645 Hellesponticae
911 2601 1069 2645 satrapa
1089 2602 1177 2635 sunt
1196 2598 1354 2645 recepti,
1376 2598 1441 2645 qui
1462 2598 1508 2635 iis
1530 2597 1650 2634 Adra-

233 2731 281 2777 42)
306 2731 505 2777 Thucydid.
531 2732 595 2777 111,
625 2734 699 2767 104.
839 2732 886 2776 ⁴1³)
913 2732 1111 2778 Thucydid.
1137 2733 1180 2777 V,
1210 2736 1236 2768 l.

233 2790 281 2834 ⁴4)
308 2789 454 2825 Diodor.
477 2790 559 2836 XII,
584 2799 662 2835 cap.
679 2793 733 2826 73.
