1979 3326
802 320 1114 360 —179—

207 444 409 483 Nicolaum
443 443 518 482 Dei
543 443 568 481 f
579 443 643 490 ¹⁰⁷)
678 444 858 482 Aetolum
893 441 1137 489 (Νικολάεα),
1181 441 1387 489 Sopatrum
1431 439 1712 492 (Σωπάτρεια),

207 507 416 545 Pataecum
453 504 720 553 (Harac'maeca)
762 507 869 544 alios.
881 506 947 552 1⁰8)
1007 505 1192 543 Videmus
1235 506 1334 542 enim
1369 505 1514 542 saeculi
1558 504 1717 542 secundi

207 572 316 609 initio
351 571 557 619 quotannis
593 575 748 617 praeter
785 571 1003 617 trittyarum
1039 568 1190 616 phialas
1227 569 1382 605 vicenas
1411 567 1521 604 binas
1551 556 1662 605 alias
1675 568 1714 605 in

207 633 390 682 templum
425 634 528 672 tradi
562 634 714 680 solitas,
750 633 798 670 ab
833 633 1052 679 hieropoeis
1087 631 1315 679 (superioris
1349 630 1578 677 plerumque
1607 631 1714 676 anni)

206 719 257 724 —
292 697 402 735 binas
430 695 647 749 Εὐτυχείας
679 693 966 745 Φιλαδελφείας
996 695 1058 741 (de
1087 695 1147 733 his
1177 699 1331 743 supra),
1366 695 1520 732 vicenas
1551 706 1573 732 a
1602 705 1717 742 quae-

208 760 398 807 storibus,
431 760 491 798 vel
524 762 653 807 potius
689 771 802 797 senas
838 759 958 797 denas
994 763 1032 797 et
1066 763 1293 806 quaternas:
1331 770 1418 796 nam
1453 769 1606 805 semper
1635 755 1714 794 fere

209 825 416 871 separatim
454 823 713 871 appellantur.
769 823 829 860 De
865 823 967 860 senis
997 823 1105 860 denis
1134 822 1209 859 illis
1237 822 1332 858 nihil
1361 821 1438 859 dici
1465 826 1613 869 potest,
1642 821 1716 858 nisi

206 898 329 934 usque
359 886 409 924 ad
428 886 661 924 Telemnesti
691 885 886 923 archontis
915 897 1055 923 annum
1087 888 1137 929 (a.
1159 888 1249 930 203)
1278 884 1396 922 fuisse
1426 885 1562 932 quinas
1583 884 1715 929 denas,

207 953 354 988 sextam
397 949 581 986 decimam
622 949 711 987 inde
755 949 803 987 ab
844 960 944 987 anno
978 949 1153 996 proximo
1191 952 1415 986 constanter
1450 947 1714 994 additam;1⁰⁹)

207 1016 482 1060 quaternarum
504 1024 594 1050 vero
616 1014 730 1050 etiam
752 1012 960 1050 donatores
989 1012 1221 1059 investigare
1249 1022 1471 1059 possumus:
1501 1022 1585 1048 cum
1616 1012 1714 1048 enim

205 1075 452 1123 Tlepolemus
487 1080 526 1113 et
558 1075 771 1114 Nicarchus
807 1079 1033 1123 quaestores
1078 1079 1127 1120 (a.
1166 1079 1256 1118 203)
1298 1078 1455 1122 praeter
1497 1073 1713 1122 quindecim

204 1138 412 1177 tradidisse
442 1139 620 1177 dicantur
641 1143 824 1187 quattuor
843 1137 1101 1188 Εὐεργεσίων,
1127 1135 1416 1187 Φελεταιρείων,
1438 1136 1713 1188 Σωπατρείων,

205 1198 448 1238 Παταικείων
476 1203 627 1240 nomine
657 1201 962 1249 appellatas‚¹1⁰)
990 1213 1148 1239 necesse
1178 1205 1236 1238 est
1265 1201 1417 1239 easdem
1447 1201 1565 1239 fuisse
1597 1206 1713 1248 atque

204 1263 305 1311 illas,
326 1276 424 1312 quae
445 1266 550 1303 nullo
571 1266 722 1303 nomine
744 1265 875 1303 addito
905 1265 1082 1302 solebant
1110 1276 1344 1312 unoquoque
1374 1275 1474 1301 anno
1504 1264 1712 1310 dicari.¹¹¹)

204 1326 372 1366 Ultimae
408 1333 498 1366 sunt
539 1328 894 1366 commemorandae
937 1329 1057 1365 series
1100 1339 1278 1365 vasorum
1322 1339 1474 1365 annuae
1517 1332 1711 1375 quattuor,

203 1401 364 1438 quarum
385 1401 463 1428 una
482 1390 719 1438 longissima,
746 1391 835 1427 item
857 1401 880 1428 a
899 1391 1060 1438 privatis
1082 1390 1299 1427 hominibus
1322 1395 1584 1437 consecratae,
1612 1402 1710 1438 quae

201 1453 343 1501 partim
371 1465 442 1501 per
469 1453 615 1501 templa
642 1454 767 1491 omnia
795 1453 1002 1490 distributa
1031 1458 1159 1498 erant,
1191 1455 1333 1500 partim
1361 1454 1400 1490 in
1429 1458 1617 1500 prytaneo
1647 1465 1709 1491 as-

203 1515 476 1554 servabantur:
511 1517 676 1564 primum
705 1518 805 1554 enim
834 1517 998 1564 archon,
1029 1521 1072 1553 ut
1100 1517 1174 1555 iam
1205 1517 1302 1564 dixi,
1341 1518 1395 1555 eis
1424 1529 1517 1554 usus
1545 1517 1710 1564 videtur,

197 1703 270 1727 una
294 1692 439 1736 quidem
464 1699 755 1738 consecraretur,
791 1693 919 1729 deinde
946 1694 1040 1738 quod
1065 1694 1247 1729 nesiarchi
1274 1695 1416 1730 nomine
1442 1696 1620 1739 appellari
1645 1706 1707 1740 po-

201 1755 296 1786 terat
321 1761 386 1795 per
409 1751 567 1787 muneris
594 1752 648 1786 sui
674 1757 826 1796 tempus,
852 1763 922 1786 non
948 1758 1029 1797 post
1054 1759 1213 1787 mortem.

294 1809 358 1849 ¹⁰⁷)
384 1808 540 1843 Primam
579 1809 737 1853 phialam
771 1809 953 1844 dicaverat
987 1809 1194 1843 Sosisthene
1236 1809 1407 1844 archonte
1442 1816 1488 1849 (a.
1514 1813 1612 1854 250),
1650 1810 1710 1844 ubi

201 1864 406 1909 appellatur
441 1870 591 1909 paterno
631 1865 739 1899 etiam
776 1865 917 1899 nomine
955 1864 1094 1899 addito:
1138 1865 1334 1900 Sosisthen.
1374 1867 1470 1901 arch.
1508 1868 1576 1901 inv.
1616 1867 1708 1902 ined.

200 1921 262 1956 lin.
286 1924 366 1966 1273
399 1928 722 1956 commemorant-nr
750 1919 929 1955 Νικολάεα
963 1922 1070 1956 etiam
1103 1923 1139 1956 in
1175 1922 1314 1967 Scylaci
1347 1925 1443 1959 arch.
1469 1930 1515 1966 (a.
1534 1927 1615 1962 230)
1640 1925 1708 1959 inv.

201 1978 294 2014 ined.
312 1979 374 2014 lin.
392 1981 447 2023 63,
473 1979 536 2015 sed
554 1979 708 2014 Demare
734 1979 904 2013 archonte
930 1990 999 2013 non
1026 1979 1179 2023 amplius
1198 1986 1399 2015 occurrunt.
1496 1983 1557 2022 ¹08)
1584 1980 1709 2015 Σωπά-

201 2047 309 2080 τρεια
333 2041 369 2071 et
396 2035 589 2070 Παταίιεια
620 2036 850 2080 appellantur
878 2037 913 2070 in
939 2036 1082 2071 Demar.
1115 2037 1212 2071 arch.
1245 2037 1314 2071 inv.
1342 2038 1401 2072 lin.
1425 2042 1486 2074 54:
1521 2046 1709 2083 praeterea

201 2091 352 2128 donator
368 2093 514 2137 quidam
531 2093 708 2128 Pataecus
727 2100 781 2128 ter
798 2093 929 2128 ibidem
947 2094 1152 2128 nominatur
1168 2094 1244 2136 (lin.
1265 2097 1441 2130 157—158
1456 2102 1491 2129 et
1510 2099 1708 2140 160-161),

201 2149 311 2185 semel
335 2150 457 2185 addito
479 2151 620 2186 nomine
648 2151 771 2185 Doriei
796 2155 842 2193 (a.
861 2153 941 2192 238)
968 2151 1162 2195 0101100115,
1189 2162 1257 2194 quo
1276 2152 1406 2186 donum
1432 2152 1497 2186 deo
1516 2153 1707 2188 dicaverat.

295 2207 356 2249 ¹⁰⁹)
381 2208 592 2251 Quindecim
617 2208 764 2243 tradunt
789 2214 998 2252 quaestores
1024 2209 1139 2243 Nicon
1166 2215 1201 2243 et
1226 2208 1480 2254 Nicomachus,
1507 2211 1566 2254 qui
1594 2211 1708 2245 Amno

200 2263 370 2299 archonte
388 2268 434 2308 (a.
453 2267 533 2307 204)
559 2275 704 2298 munere
730 2264 844 2299 functi
871 2270 953 2299 sunt
977 2265 1135 2302 (Demar.
1155 2265 1250 2299 arch.
1270 2265 1339 2300 inin
1359 2266 1418 2301 lin.
1442 2270 1599 2311 17-18),
1625 2267 1705 2301 toti-

200 2319 280 2356 dem
306 2331 427 2356 eorum
452 2332 676 2357 successores
702 2322 929 2366 Tlepolemus
957 2328 992 2357 et
1016 2322 1217 2358 Nicarchus
1245 2323 1347 2365 (ibid.
1373 2323 1433 2358 lin
1457 2327 1526 2365 18):
1554 2324 1708 2358 sedecim

201 2397 246 2403 ——
271 2382 481 2422 quaestores
507 2378 640 2413 Callias
666 2384 701 2413 et
718 2378 991 2414 Telesarchides
1017 2379 1116 2421 (ibid
1137 2380 1196 2414 lin
1214 2382 1284 2423 56),
1311 2381 1371 2424 qui
1398 2392 1526 2415 munus
1544 2381 1707 2415 obierunt

199 2432 359 2469 Leucino
385 2434 555 2469 archonte
581 2440 626 2477 (a.
645 2438 743 2478 2021:
775 2435 902 2470 deinde
926 2435 1019 2470 idem
1045 2447 1213 2471 numerus
1239 2447 1323 2471 cons
1327 2444 1470 2472 eci-atur
1495 2448 1516 2471 a
1541 2448 1587 2480 qu
1592 2448 1652 2471 :sie
1637 2444 1703 2471 to-

200 2501 279 2526 rum
304 2491 484 2536 collegiis,
517 2492 578 2536 qui
602 2491 747 2526 fuerunt
771 2502 802 2526 a.
822 2495 884 2526 201
914 2492 1083 2537 (1111.58),
1109 2495 1177 2528 200
1202 2497 1295 2537 (59),
1326 2498 1387 2529 199
1413 2497 1503 2538 (62),
1535 2497 1595 2529 198
1622 2497 1706 2537 (67),

205 2550 266 2583 197
291 2550 474 2593 (68-69),
502 2551 566 2583 196
589 2551 681 2593 (72),
712 2552 771 2584 195
798 2551 890 2593 (78),
922 2553 983 2584 194
1009 2552 1100 2593 (76),
1131 2553 1192 2585 193
1217 2553 1402 2595 (83-84),
1435 2554 1496 2586 192
1522 2554 1612 2593 (84).
1644 2554 1701 2585 191

201 2606 378 2650 (86-87),
409 2608 472 2641 190
496 2608 580 2650 (88),
612 2608 674 2641 189
700 2607 924 2649 (lm—105),
955 2608 1016 2641 188
1041 2609 1263 2651 (105-106),
1295 2610 1355 2642 187
1374 2611 1480 2649 (113),
1514 2609 1574 2641 186
1599 2609 1705 2650 (126),

205 2663 267 2696 185
291 2665 401 2706 (135),
431 2665 495 2698 184
518 2665 626 2706 (136),
656 2664 718 2697 183
743 2665 849 2706 (140),
879 2665 942 2697 182
968 2665 1076 2707 (141),
1111 2667 1169 2699 181
1199 2667 1306 2706 (150),
1338 2667 1400 2698 180
1424 2668 1531 2706 (155).

293 2719 356 2762 ¹¹⁰)
379 2717 523 2754 Demar.
549 2718 646 2754 arch.
671 2719 740 2753 inv.
766 2718 826 2753 lin.
845 2723 898 2754 54.
1025 2721 1087 2764 ¹¹¹)
1112 2720 1202 2755 Ibid.
1228 2721 1288 2755 lin.
1307 2723 1362 2764 57,
1389 2723 1444 2765 59,
1471 2723 1526 2764 60,
1552 2723 1596 2755 62
1624 2726 1702 2764 etc„

201 2772 265 2809 cfr.
293 2783 404 2819 supra
427 2780 498 2811 not.
522 2778 595 2811 109.

1368 2833 1430 2869 12*
