1979 3326
750 306 1060 346 —157—

259 431 420 469 Omissis
447 432 585 479 igitur,
621 442 718 479 quae
748 429 796 468 ad
825 430 881 467 rei
911 429 1103 477 gerendae
1131 428 1320 466 rationem
1349 425 1658 474 perspiciendam

151 495 309 533 minoris
339 500 429 532 sunt
448 495 643 541 momenti,
672 493 842 531 videmus
871 493 1055 540 pecunias
1085 490 1133 529 ab
1163 491 1379 538 hieropoeis
1410 494 1447 527 et
1477 493 1656 537 acceptas

155 560 194 595 et
221 568 410 606 expensas
441 556 591 595 duobus
619 557 713 594 locis
745 567 828 593 esse
857 556 896 592 in
925 554 1139 593 rationibus
1169 556 1504 599 commemoratas,
1541 556 1657 600 atque

153 624 398 668 acceptarum
420 619 573 668 quidem
598 631 713 657 unam
734 622 883 666 partem
906 618 1035 655 statim
1065 615 1121 658 εἷς
1149 614 1256 664 ἱερὰν
1287 614 1454 664 κιβωτὸν
1483 616 1657 661 relatam,

155 683 317 721 alteram
338 686 448 720 extra
467 693 595 720 arcam
617 685 855 720 asservatam
879 692 950 728 per
979 683 1101 717 totum
1131 678 1476 717 administrationis
1506 689 1657 716 annum.

154 745 266 792 Quod
295 756 364 783 cur
390 744 534 783 factum
574 745 640 791 sit,
676 755 789 782 unam
818 747 922 781 recte
951 742 1166 780 Homollius
1196 742 1398 790 perspexit
1426 740 1657 786 causam:¹⁸)

156 820 233 847 non
261 819 392 847 omnes
419 809 623 856 pecunias,
652 819 750 855 quae
786 806 948 853 singulis
986 806 1097 843 annis
1131 804 1258 842 redire
1294 804 1537 850 debuissent,
1574 815 1658 841 esse

151 883 288 910 revera
320 871 395 909 hoc
435 881 536 908 anno
576 873 780 918 perceptas
814 869 978 916 ideoque
1012 879 1137 916 neque
1173 869 1212 905 in
1248 879 1378 906 arcam
1413 878 1560 905 sacram
1598 879 1658 905 re-

152 934 245 973 ferri
280 935 453 982 potuisse
488 945 612 981 neque
648 934 687 970 in
722 932 935 970 rationibus
972 942 1156 969 summam
1192 942 1323 968 earum
1359 930 1550 978 perscribi
1587 930 1659 968 sub

152 998 266 1035 titulo
287 1009 363 1035 uno
393 993 596 1043 (ἐνοικίων,
626 992 847 1045 ἐνηρυσίων,
878 994 1010 1040 τελῶν,
1040 993 1215 1040 δανείων,
1247 993 1375 1031 τόκων
1405 1015 1452 1020 -
1482 998 1523 1031 ut
1544 992 1587 1031 fit
1617 995 1656 1031 in

152 1061 392 1108 superiorum
428 1070 612 1098 annorum
642 1058 847 1102 reditibus)
885 1069 961 1095 non
990 1056 1131 1095 additis
1168 1057 1406 1105 singulorum
1436 1057 1653 1095 debitorum

154 1122 384 1169 nominibus,
404 1133 490 1160 cum
510 1122 673 1159 maxime
695 1121 792 1158 scire
813 1122 1030 1167 interesset,
1061 1121 1147 1168 quis
1178 1124 1439 1168 quantumque
1469 1120 1657 1158 solvisset.

155 1184 269 1223 Certe
297 1197 422 1233 neque
450 1185 558 1232 prius
587 1187 646 1222 est
673 1184 850 1230 dubium,
880 1195 978 1230 cum,
1008 1187 1050 1220 ut
1077 1195 1194 1221 unum
1232 1184 1447 1231 exemplum
1490 1183 1659 1229 afferam,

157 1247 231 1286 hoc
263 1248 349 1296 ipso
385 1259 485 1286 anno
519 1258 590 1295 pro
627 1247 738 1285 domo
772 1244 1033 1283 Ἐπισθενεῶυ
1071 1248 1222 1284 nomine
1261 1248 1459 1294 appellata
1487 1247 1660 1294 legamus

153 1314 304 1358 partem
326 1309 513 1348 mercedis
541 1332 591 1336 —
620 1314 667 1348 43
689 1309 744 1347 dr.
775 1332 825 1336 -
855 1321 939 1347 esse
960 1321 1131 1357 pensam,
1152 1313 1300 1357 partem
1330 1332 1379 1336 ——
1408 1311 1512 1347 circa
1532 1314 1580 1346 24
1601 1310 1657 1347 dr.

152 1395 202 1400 -
231 1385 308 1411 non
334 1373 511 1419 solutam,
523 1371 568 1414 ι9)
598 1376 635 1410 et
663 1371 883 1411 confirmari
912 1372 1064 1410 videtur
1092 1373 1273 1410 universa
1292 1372 1475 1410 Homollii
1505 1377 1658 1410 senten-

152 1437 220 1483 tia,
252 1447 338 1474 cum
357 1436 558 1483 pecuniae,
587 1446 610 1473 a
629 1434 903 1483 quaestoribus
934 1446 1033 1482 quae
1063 1434 1279 1472 tradendae
1311 1438 1433 1481 erant,
1464 1436 1592 1472 statim
1620 1435 1659 1472 in

152 1499 342 1537 aerarium
372 1499 449 1535 sint
475 1498 625 1536 illatae:
667 1497 846 1535 videlicet
881 1498 1118 1545 respublica,
1155 1497 1227 1535 deo
1263 1509 1362 1545 quae
1392 1497 1585 1544 debebat,
1623 1501 1661 1534 et

154 1562 280 1600 omnia
301 1562 415 1600 simul
434 1565 472 1600 et
490 1563 592 1600 iusto
612 1565 784 1609 tempore
806 1561 990 1599 solvebat.
1038 1560 1113 1599 Sed
1143 1573 1267 1608 neque
1296 1562 1410 1598 unica
1439 1564 1509 1607 est,
1539 1572 1653 1608 quam

154 1625 370 1664 Homollius
397 1625 560 1672 invenit,
595 1636 729 1671 causa,
761 1636 886 1672 neque
916 1636 992 1672 qua
1027 1635 1156 1661 omnes
1185 1622 1432 1661 difficultates
1461 1624 1658 1661 leventur:

152 1691 196 1726 ut
216 1688 387 1726 omittam
406 1687 646 1736 hieropoeos,
678 1689 710 1725 si
731 1698 884 1735 semper
905 1691 1137 1735 exspectare
1157 1687 1381 1734 voluissent,
1412 1687 1500 1724 dum
1530 1698 1661 1725 omnes

152 1751 341 1799 pecuniae
379 1751 533 1789 debitae
570 1755 699 1789 essent
732 1751 977 1798 persolutae,
1020 1762 1226 1798 numquam
1264 1750 1429 1790 fortasse
1465 1756 1531 1789 aut
1573 1756 1661 1799 post

153 1813 305 1861 longum
341 1817 446 1851 certe
481 1814 666 1861 temporis
703 1814 869 1861 spatium
906 1825 970 1851 eas
1008 1815 1047 1850 in
1083 1825 1211 1851 arcam
1249 1814 1427 1851 illaturos
1456 1813 1573 1852 fuisse
1610 1836 1658 1840 —

155 1876 249 1923 quin
269 1876 383 1914 etiam
404 1888 424 1914 e
444 1876 621 1914 Demaris
640 1876 858 1914 rationibus
879 1875 1050 1913 videmus
1077 1876 1266 1913 hominem
1298 1876 1488 1924 quendam
1518 1888 1656 1914 usuras

155 1941 302 1986 septem
322 1949 510 1977 annorum
537 1939 609 1977 hoc
637 1939 790 1977 demum
819 1950 918 1977 anno
947 1938 1238 1987 pependisse20)
1268 1961 1317 1965 —
1345 1943 1387 1976 ut
1417 1939 1512 1977 haec
1541 1941 1658 1978 missa

152 1999 355 2049 faciamus,
391 2013 459 2040 cur
499 2014 690 2050 expensae
726 2014 879 2051 quoque
915 2003 1102 2050 pecuniae
1139 2003 1177 2040 in
1213 2002 1309 2040 duas
1345 2007 1476 2050 partes
1513 2002 1658 2041 divisae

155 2065 232 2102 sint
265 2066 382 2103 variis
417 2066 511 2104 locis
545 2067 804 2114 perscriptas,
841 2066 1020 2104 Homollii
1051 2066 1307 2113 explicatione
1337 2076 1412 2102 non
1439 2065 1655 2112 expeditur.

154 2127 282 2174 Quare
317 2129 356 2165 in
390 2140 433 2166 re
468 2129 697 2176 explicanda
731 2129 780 2168 ab
815 2130 910 2177 ipsis
945 2129 1024 2176 his,
1062 2140 1157 2176 quas
1197 2128 1310 2166 modo
1347 2127 1445 2173 dixi,
1482 2129 1660 2175 expensis

152 2189 471 2238 proficiscendum
502 2203 654 2230 censeo.

255 2253 454 2292 Facillime
482 2256 717 2302 perspicitur
743 2255 866 2303 primo
896 2255 980 2293 loco
1009 2255 1210 2302 perscribi,
1250 2266 1349 2302 quae
1379 2266 1426 2292 ex
1453 2255 1538 2302 ipsa
1567 2265 1658 2292 arca

154 2327 266 2355 sacra
293 2320 472 2364 exempta
498 2321 588 2355 sunt
615 2318 748 2365 populi
776 2319 883 2355 iussu
913 2317 961 2356 ad
990 2319 1184 2365 impensas
1221 2318 1407 2365 quasdam
1444 2317 1659 2355 extraordi-

153 2379 284 2418 narias
313 2380 525 2418 faciendas:
565 2384 607 2418 ut
636 2382 733 2419 enim
771 2382 821 2418 sit
856 2381 1079 2428 saepissime
1116 2392 1181 2418 aes
1217 2381 1385 2418 alienum
1422 2385 1660 2418 contractum

154 2453 175 2480 e
203 2441 266 2480 dei
293 2443 459 2490 pecunia
487 2446 523 2481 et
552 2455 575 2481 a
602 2444 756 2481 civitate
786 2447 825 2481 et
852 2443 901 2481 ab
931 2443 1147 2481 hominibus
1176 2444 1349 2491 privatis,
1379 2448 1421 2480 ut.
1451 2445 1527 2481 siut
1550 2448 1661 2491 quot-

154 2505 265 2542 annis
302 2517 421 2553 opera
461 2505 635 2545 facienda
680 2507 990 2555 redemptoribus
1027 2508 1195 2553 elocata,
1243 2508 1347 2545 nullo
1383 2512 1509 2545 tamen
1547 2507 1659 2545 modo

154 2566 291 2605 referri
319 2567 414 2606 haec
442 2573 604 2617 possunt
632 2570 732 2608 inter
759 2571 953 2618 impensas
982 2575 1107 2609 certas
1144 2581 1189 2608 ac
1224 2571 1307 2617 lege
1342 2569 1538 2610 definitas.
1575 2581 1658 2607 cum

247 2704 292 2747 ¹⁸)
315 2703 409 2739 Bull.
435 2703 468 2738 d.
494 2703 592 2739 Corr.
618 2704 710 2740 Hell.
738 2705 798 2748 VI,
824 2716 859 2749 p.
877 2707 931 2741 74.
1143 2705 1185 2749 ¹9)
1211 2704 1354 2739 Demar.
1381 2704 1478 2738 arch.
1505 2711 1571 2738 rat.
1599 2703 1658 2738 lin.

160 2763 221 2797 144
272 2764 335 2797 145
361 2766 397 2796 et
422 2762 458 2796 in
485 2762 609 2805 latere,
634 2761 693 2797 lin.
712 2764 835 2797 2-11.
974 2761 1021 2804 ²⁰)
1047 2761 1135 2796 lbid.
1162 2762 1222 2795 lin.
1244 2763 1431 2796 164—165.
