1957 3326
922 300 1201 342 ..58-

319 427 528 474 legationes
567 437 661 464 nave
697 436 768 463 sua
803 428 1106 473 transportaret,
1146 424 1205 461 vel
1247 424 1429 472 opinatur
1470 423 1628 471 reliquis
1664 421 1815 462 duobus

326 490 436 527 annis
471 489 625 526 theoros
661 487 708 524 de
743 499 812 525 suo
849 487 1007 525 solvisse
1042 485 1254 524 mercedem
1291 487 1398 525 navis
1432 484 1647 534 praefecto,
1682 496 1707 523 a
1740 496 1816 533 quo

317 551 582 589 vehebantur?
636 550 815 598 Legimus
844 549 982 587 deinde
1011 549 1059 587 ad
1093 560 1209 586 unum
1245 547 1383 586 festum
1417 546 1691 586 celebrandum
1728 558 1813 586 esse

320 618 468 661 emptos
497 616 648 650 centum
677 616 716 650 et
743 623 876 650 novem
911 611 1026 649 boves
1061 612 1205 659 (pretio
1240 615 1339 649 8429
1368 610 1442 655 dr.)
1477 615 1517 649 et
1552 609 1723 648 eiusdem
1759 608 1818 652 εἰς

319 674 549 724 προθύματα
576 676 706 713 nescio
735 678 917 722 quantum
946 674 1132 722 pecuniae
1161 684 1371 721 expensum
1400 676 1581 721 (utroque
1609 673 1711 711 enim
1729 673 1814 711 loco

317 739 502 786 scriptum
531 742 590 775 est
617 736 674 779 εἰς
703 735 766 786 τὴν
795 734 946 787 ἑορτήν,
976 748 1051 785 quo
1080 736 1197 774 verbo
1226 747 1301 774 non
1329 747 1446 773 unum
1471 735 1648 784 idemque
1674 734 1813 774 festum

316 800 524 848 significari
553 812 628 838 non
658 811 771 848 posse
800 810 1128 848 supervacaneum
1156 803 1215 837 est
1242 802 1432 844 monere);
1459 799 1510 837 ad
1536 798 1653 837 boves
1681 802 1810 837 autem

315 865 400 902 illos
428 864 624 911 pertinent
659 867 697 900 et
730 861 875 899 πέταλα
899 862 1034 912 χρυσᾶ
1067 862 1134 900 illa
1167 861 1217 899 ad
1251 860 1468 900 inauranda
1500 871 1631 899 eorum
1665 871 1811 899 cornua

316 927 509 965 destinata
538 930 576 963 et
603 925 786 963 alimenta
814 929 853 962 et
879 925 983 972 ligna
1010 923 1059 962 ad
1089 923 1316 962 sacrificium
1344 923 1584 969 necessaria;
1620 932 1699 961 una
1725 933 1812 960 cum

318 989 377 1027 his
405 989 520 1026 rebus
548 987 721 1035 tripodes
758 986 891 1025 eadem
925 997 1021 1025 nave
1049 991 1180 1024 vectos
1208 985 1379 1024 videmus
1413 984 1610 1036 νικητήρια
1636 986 1719 1028 τοῖς
1742 998 1813 1036 χο·

314 1053 401 1101 ροῖς
443 1055 530 1099 (pro
573 1050 711 1098 quibus
753 1048 939 1088 faciendis
976 1048 1180 1087 drachmae
1214 1049 1316 1086 mille
1353 1052 1465 1086 erant
1493 1052 1667 1096 pensae).
1718 1046 1815 1086 Cum

315 1126 404 1151 vero
433 1125 557 1161 neque
586 1112 723 1151 festum
754 1113 870 1150 ullum
900 1113 982 1150 sine
1011 1112 1138 1150 choris
1169 1116 1208 1150 et
1235 1111 1353 1150 multo
1381 1112 1506 1149 minus
1533 1110 1640 1149 chori
1667 1110 1812 1149 theori-

315 1188 388 1224 que
418 1177 499 1214 sine
528 1175 644 1222 festo,
679 1175 729 1213 ad
758 1175 860 1223 quod
888 1175 1162 1213 celebrandum
1195 1176 1416 1222 mittantur,
1453 1174 1616 1222 cogitari
1649 1174 1813 1222 possint,

315 1250 470 1277 necesse
500 1238 590 1276 mihi
619 1237 771 1275 videtur
799 1238 910 1276 ambo
945 1238 1040 1276 haec
1075 1238 1254 1285 coniungi
1286 1238 1325 1274 in
1360 1247 1478 1275 unum
1513 1240 1571 1283 et,
1606 1247 1706 1284 quae
1741 1247 1814 1284 pro

314 1303 360 1340 iis
390 1302 485 1340 deus
513 1301 754 1350 pependerit,
783 1303 849 1339 uni
877 1312 978 1339 anno
1007 1300 1175 1338 adscribi
1204 1301 1315 1348 eique
1342 1300 1430 1348 ipsi,
1464 1310 1540 1348 quo
1568 1297 1591 1350 ἦ
1616 1295 1735 1349 ἑορτὴ
1763 1298 1814 1336 sit

315 1365 511 1403 celebrata
539 1386 587 1391 —-
616 1364 721 1402 nulla
751 1365 850 1402 enim
879 1375 996 1403 causa
1023 1363 1269 1412 perspicitur,
1297 1373 1367 1401 cur
1391 1373 1462 1411 per
1487 1372 1628 1401 annum
1647 1361 1813 1409 amplius

313 1428 351 1465 in
380 1428 496 1466 boves
525 1431 677 1464 centum
705 1427 864 1465 alendos
892 1427 1077 1474 pecunias
1098 1436 1229 1464 sacras
1249 1424 1557 1472 consumpserint
1576 1423 1814 1472 amphictyo-

316 1502 395 1528 nes.
457 1489 568 1537 Quod
597 1501 686 1527 vero
715 1488 736 1539 ἢ
764 1486 880 1538 ἑορτή
908 1489 1138 1537 appellatur,
1167 1488 1241 1526 hoc
1268 1486 1420 1526 dicendi
1449 1498 1589 1535 genere
1617 1496 1703 1524 mea
1730 1485 1813 1534 qui-

313 1553 399 1591 dem
428 1553 619 1590 sententia
647 1552 840 1599 designari
875 1563 950 1590 non
984 1552 1110 1600 potuit
1146 1561 1263 1588 unum
1298 1549 1456 1598 aliquod
1489 1561 1510 1587 e
1545 1548 1670 1587 tribus
1704 1547 1813 1586 festis

314 1616 471 1661 annuis,
507 1625 605 1662 quae
640 1626 710 1662 per
737 1614 809 1652 hoc
844 1618 995 1662 tempus
1032 1613 1221 1652 celebrari
1256 1612 1451 1659 solebant,
1487 1611 1556 1650 sed
1590 1611 1814 1660 intellegen-

314 1678 403 1715 dum
433 1689 520 1716 esse
548 1681 657 1726 patet
685 1677 867 1715 sollemne
895 1676 990 1714 illud
1011 1676 1307 1725 quinquennale,
1335 1675 1565 1724 praesertim
1584 1684 1683 1722 cum,
1711 1685 1810 1722 quae

314 1741 437 1788 primo
466 1741 567 1778 inter
596 1751 766 1788 expensa
784 1740 868 1778 loco
888 1743 1016 1778 exstat
1034 1750 1178 1778 corona
1196 1749 1326 1786 aurea,
1355 1749 1439 1777 eam
1458 1737 1576 1776 fuisse
1603 1736 1814 1785 penteteri·

318 1814 400 1841 cam
417 1803 604 1841 evincitur
618 1802 744 1840 verbis
760 1802 835 1840 illis
856 1800 1050 1851 ἀριστεῖον
1066 1801 1133 1838 τοῦ
1148 1800 1258 1848 θεοῦ,
1279 1801 1326 1839 de
1347 1800 1486 1849 quibus
1505 1810 1625 1848 supra
1637 1799 1810 1847 exposui.

416 1865 460 1902 In
495 1876 572 1902 una
607 1864 869 1902 tantummodo
903 1865 1076 1912 impensa
1110 1867 1153 1902 ut
1185 1865 1261 1902 iam
1296 1863 1362 1902 alii
1397 1864 1559 1908 haere03
1594 1861 1681 1901 dico
1714 1861 1811 1900 illud

314 1925 579 1979 ἀρχιθεώροις
621 1926 826 1973 τάλαντονς
868 1937 952 1964 cum
995 1927 1094 1964 enim
1135 1926 1308 1964 theoriae
1348 1925 1415 1963 uni
1449 1935 1566 1963 unum
1599 1924 1813 1972 principem

313 2001 494 2038 praeesse
524 1989 756 2036 oportuerit,
793 1999 868 2026 non
897 1989 992 2026 satis
1020 1988 1159 2036 liquet,
1196 1999 1264 2026 cur
1291 1988 1422 2036 plures
1457 1987 1520 2026 hic
1551 1986 1811 2035 appellentur,

317 2064 439 2100 eaque
468 2053 690 2099 praecipua,
719 2051 848 2098 credo,
878 2061 997 2089 causa
1023 2050 1107 2097 fuit,
1135 2050 1184 2089 ob
1213 2061 1326 2098 quam
1354 2054 1434 2088 tres
1462 2049 1525 2088 hic
1551 2049 1722 2088 theorias
1746 2059 1813 2088 an-

314 2126 411 2153 nuas
446 2113 723 2162 intellegendas
758 2113 832 2151 sibi
867 2113 1121 2162 persuaderet
1147 2113 1328 2152 Koehler.
1391 2112 1513 2160 Quam
1547 2110 1812 2150 difficultatem

314 2189 438 2225 neque
467 2188 624 2224 prorsus
654 2175 835 2224 expedire
864 2187 1019 2224 possum
1049 2187 1172 2224 neque
1201 2176 1367 2214 animum
1394 2174 1591 2222 inducere,
1619 2177 1663 2213 ut
1689 2178 1810 2213 totam

313 2251 454 2285 meam,
489 2251 603 2287 quam
640 2239 752 2277 modo
788 2240 967 2287 exposui,
1003 2239 1335 2277 ratiocinationem
1370 2237 1597 2278 labefactari
1630 2237 1704 2276 hoc
1735 2247 1812 2275 uno

313 2306 537 2349 argumento
566 2301 791 2339 concedam:
822 2301 904 2339 fieri
933 2302 1070 2349 potuit,
1098 2305 1139 2339 ut
1166 2312 1242 2340 non
1269 2301 1391 2340 solum
1411 2301 1582 2340 theoriae
1603 2300 1811 2339 Athenien·

312 2366 408 2402 sium
438 2365 602 2411 principi
633 2365 797 2411 pecunia
824 2363 1059 2411 penderetur
1086 2363 1136 2402 ad
1162 2375 1298 2402 munus
1318 2364 1402 2402 eius
1421 2361 1711 2411 sublevandum,
1739 2361 1809 2401 sed

314 2428 427 2465 etiam
457 2427 619 2465 aliarum
647 2427 843 2464 civitatum
874 2427 1063 2465 sociarum
1091 2426 1358 2473 architheoris,
1385 2424 1576 2474 quomodo
1602 2437 1649 2463 ex
1675 2424 1809 2464 eodem

313 2490 425 2527 titulo
461 2490 632 2527 novimus
661 2488 895 2527 Andriorum
930 2488 1263 2537 amphictyonibus
1295 2490 1385 2527 item
1418 2492 1534 2537 atque
1568 2487 1812 2526 Atheniensi-

313 2551 384 2589 bus
419 2550 468 2589 ad
502 2551 640 2587 victum
676 2550 976 2598 comparandum
1010 2551 1257 2589 constitutam
1300 2549 1419 2589 fuisse
1459 2559 1644 2589 summam
1686 2561 1810 2598 quan·

312 2611 457 2658 dam²⁷)
491 2634 539 2640 -—
575 2623 643 2650 cur
670 2613 823 2651 tandem
854 2614 953 2651 inter
981 2613 1245 2653 architheoros
1282 2612 1487 2651 discrimen
1521 2610 1806 2651 intercederet?

404 2754 448 2799 π)
474 2755 511 2790 C.
525 2754 552 2789 1.
566 2755 609 2789 A.
635 2753 682 2799 11,
705 2756 773 2789 814
784 2755 811 2780 b·
839 2753 899 2789 lin.
924 2755 979 2789 32.
