1957 3326
301 440 525 487 scriptorem
568 438 865 476 illustrissimum
908 439 966 476 vel
1012 438 1277 477 diasceuastae
1319 439 1516 478 cuiusdam
1557 441 1800 479 insulsissimi

295 512 480 548 agnoscas
509 511 672 538 manum.
727 501 780 538 At
808 500 934 539 adfert
966 504 1101 538 testem
1130 500 1342 539 Gilbertius
1371 501 1639 549 Pollucem‚⁸⁴)
1675 504 1739 552 qui
1767 505 1800 542 si

298 563 423 600 verbis
451 563 511 600 vel
541 563 773 601 dubitationi
802 575 876 601 non
904 563 1079 601 obnoxiis
1108 568 1243 602 contra
1262 564 1500 613 Thucydidis
1529 567 1797 605 auctoritatem

297 627 501 671 niteretur,
531 626 639 663 nihili
667 638 827 673 prorsus
856 625 1082 673 penderem3
1112 626 1179 664 sed
1215 630 1273 665 est
1306 632 1571 675 argumentum
1599 640 1619 667 e
1649 629 1801 667 silentio

299 689 380 726 eius
410 689 585 736 petitum,
617 687 718 736 quod
748 689 849 725 inter
878 688 988 725 ludos
1018 689 1322 736 quinquennales
1343 689 1542 728 Deliorum
1570 692 1801 730 mentionem

302 763 376 789 non
413 751 565 789 feeerit:
607 755 646 789 at
681 751 870 799 quomodo
913 750 984 788 hoc
1019 751 1102 789 loco
1143 751 1428 790 demonstretur
1461 751 1579 791 fuisse
1615 753 1802 802 quaedam

302 825 421 861 parva
450 813 575 860 Delia,
612 825 686 851 non
715 814 914 861 intellego,
953 826 1069 861 quum
1105 814 1197 851 nihil
1231 814 1319 853 inde
1348 815 1528 863 colligere
1563 816 1695 864 liceat,
1730 818 1803 855 nisi

302 879 369 914 aut
397 876 502 914 nulla
529 875 647 913 fuisse
676 887 845 924 unquam
874 876 987 914 Delia
1022 877 1324 924 quinquennalia
1360 878 1479 926 (quod
1514 890 1561 917 ne
1589 878 1801 918 Gilbertius

299 937 452 986 quidem
481 937 715 976 contendere
745 950 862 976 ausus
891 942 977 983 est),
1008 944 1075 977 aut
1095 939 1290 978 Pollucem
1317 941 1376 978 vel
1405 953 1480 980 non
1508 941 1690 980 habuisse
1719 953 1806 990 cog-

300 1001 380 1038 nita
409 1001 468 1038 vel
493 1001 667 1038 consulto
690 1001 1085 1048 praetermississe,³⁵)
1116 1003 1344 1050 praesertim
1365 1015 1481 1051 quum
1509 1005 1695 1043 nomina
1721 1008 1806 1043 tan-

300 1063 493 1101 tummodo
523 1064 761 1101 sollemnium
782 1064 929 1111 aliquot
959 1065 1122 1112 exempli
1150 1066 1274 1112 gratia
1303 1065 1455 1105 adferre
1475 1067 1601 1105 vellet.
1639 1067 1805 1106 Gravius

305 1138 388 1164 esse
418 1126 568 1163 videtur
587 1127 853 1174 Xenophontis
884 1128 1155 1175 testimonium,
1185 1129 1249 1176 qui
1278 1133 1439 1176 propter
1458 1128 1572 1168 Delia
1592 1133 1728 1168 auctor
1749 1135 1807 1168 est

302 1193 460 1227 mortem
495 1189 665 1227 Socratis
701 1201 784 1227 esse
821 1190 856 1226 in
894 1190 1051 1237 triginta
1085 1190 1167 1228 dies
1195 1190 1428 1238 dilatam3³⁶)
1466 1203 1581 1240 quum
1617 1196 1745 1231 autem
1773 1193 1806 1230 is

303 1253 350 1289 sit
380 1253 503 1299 primo
527 1262 628 1290 anno
659 1251 717 1289 Ol.
740 1257 786 1290 95
817 1253 1005 1300 supplicio
1027 1253 1201 1296 affectus,
1229 1264 1386 1292 necesse
1416 1265 1500 1292 esse
1529 1254 1663 1293 dicunt
1689 1254 1806 1294 fuisse

302 1314 396 1352 haec
417 1314 541 1360 Delia,
570 1319 613 1352 ut
632 1315 685 1352 ita
705 1314 842 1361 dicam,
871 1314 1031 1352 minora.
1073 1315 1125 1351 At
1147 1326 1194 1352 ne
1214 1315 1360 1353 maiora
1388 1315 1554 1363 quidem,
1575 1327 1674 1364 quae
1694 1317 1807 1365 vulgo

303 1377 568 1424 appellantur,
597 1376 716 1414 fuisse
745 1377 810 1414 illo
841 1380 1012 1424 tempore
1040 1376 1153 1414 Delia
1181 1378 1290 1415 testis
1320 1381 1378 1415 est
1405 1378 1539 1416 titulus
1568 1390 1691 1428 nuper
1719 1379 1807 1418 Deli

304 1443 500 1487 repertus,
536 1451 555 1476 e
593 1451 667 1487 quo
703 1439 937 1487 perspicitur
972 1451 1098 1477 rerum
1129 1441 1295 1478 omnium
1333 1452 1529 1479 sacrarum
1566 1441 1810 1481 administra-

304 1503 445 1540 tionem
475 1502 597 1540 Deliis
633 1513 656 1540 a
684 1502 999 1540 Lacedaemoniis
1034 1507 1123 1550 post
1151 1503 1291 1541 bellum
1320 1504 1691 1552 Peloponnesiacum
1727 1504 1809 1543 fini-

306 1569 385 1602 tum
422 1565 546 1603 denuo
575 1564 841 1612 reddit.am‚³⁷)
879 1577 998 1613 quare
1033 1578 1110 1604 non
1145 1567 1302 1613 mirum,
1338 1568 1370 1604 si
1404 1568 1591 1616 pristinus
1624 1579 1706 1606 mos
1736 1569 1810 1607 sol·

306 1629 445 1666 lemnia
482 1630 688 1676 quotannis
725 1628 946 1666 celebrandi
981 1629 1030 1666 ab
1067 1629 1141 1667 illis
1177 1630 1379 1668 restitutus
1416 1641 1500 1669 esse
1536 1630 1697 1669 videtur.
1753 1630 1811 1668 Ac

307 1703 354 1730 ne
383 1692 478 1729 illud
507 1691 660 1739 quidem
678 1691 945 1740 Xenophontis
966 1692 1093 1730 verbis
1122 1692 1212 1729 mihi
1242 1692 1339 1731 effici
1367 1693 1532 1740 videtur,
1561 1705 1645 1732 esse
1674 1704 1810 1732 revera

308 1755 379 1793 hoc
408 1756 558 1792 nomine
589 1767 610 1793 a
630 1755 751 1794 Deliis
772 1757 866 1803 ipsis
895 1767 1035 1802 annua,
1064 1767 1162 1804 quae
1184 1756 1354 1804 Apollini
1383 1755 1588 1800 faciebant,
1618 1755 1718 1794 festa
1745 1767 1811 1804 ap-

309 1818 470 1866 pellata,
507 1830 622 1866 quum
653 1819 853 1867 scriptoris
883 1819 1125 1866 neglegentia
1152 1817 1264 1857 facile
1293 1817 1375 1857 fieri
1402 1819 1592 1867 potuerit,
1622 1822 1665 1856 ut
1692 1819 1812 1857 usita-

307 1882 494 1919 tissimum
539 1881 641 1929 apud
677 1882 934 1920 Athenienses
970 1894 1106 1920 nomen
1142 1894 1212 1930 pro
1257 1893 1344 1920 vero
1379 1886 1495 1930 atque
1537 1882 1705 1930 legitimo
1747 1881 1813 1919 ad-

309 1943 470 1981 hiberet.
525 1944 624 1982 Nam
652 1944 724 1983 hoc
753 1945 935 1983 sollemne
964 1945 1160 1983 Deliorum
1199 1945 1349 1983 nomine
1381 1956 1464 1983 esse
1499 1944 1734 1992 appellatum
1763 1944 1812 1982 ab

309 2007 402 2054 ipsis
424 2006 548 2044 Deliis
577 2007 695 2045 multo
717 2009 839 2045 minus
867 2012 926 2045 est
944 2008 1149 2046 verisimile
1179 2010 1283 2052 (sunt
1312 2008 1411 2045 enim
1439 2008 1577 2054 omnia,
1607 2018 1705 2056 quae
1724 2007 1814 2046 Deli

309 2072 475 2116 aguntur
502 2068 603 2107 festa
709 2069 858 2120 Δήλια),
896 2082 1009 2118 quam
1046 2070 1093 2108 ab
1122 2069 1424 2108 Atheniensibus
1453 2070 1634 2118 aliisque,
1670 2070 1813 2118 quippe

311 2143 471 2180 quorum
514 2133 676 2170 maxime
719 2134 923 2171 interesset
966 2133 1149 2181 distingui
1191 2133 1396 2181 Apollinea
1436 2133 1550 2172 Delia
1590 2144 1614 2172 a
1650 2132 1812 2181 Pythiis.

310 2194 531 2232 Audaciora
559 2194 654 2233 haec
683 2207 766 2233 esse
796 2197 886 2242 scio,
917 2196 983 2233 sed
1013 2196 1242 2234 documento
1263 2196 1353 2234 mihi
1375 2199 1463 2234 sunt
1489 2198 1646 2244 praeter
1665 2195 1813 2244 Thucy-

314 2257 439 2294 didem
470 2257 612 2295 diserte
648 2257 836 2296 dicentem
873 2270 957 2296 esse
986 2258 1184 2296 Deliorum
1222 2270 1358 2296 nomen
1387 2257 1624 2309 πεντετηρίὸι
1650 2259 1814 2307 primum

314 2319 493 2365 inditum,
530 2321 630 2357 tituli
668 2320 867 2359 duodecim
897 2321 1089 2368 choragici
1119 2333 1242 2369 nuper
1271 2321 1357 2359 Deli
1387 2322 1550 2370 reperti,
1584 2332 1746 2369 quorum
1774 2321 1814 2359 in

312 2384 416 2421 nullo
438 2384 634 2422 Deliorum
657 2384 722 2422 flat
742 2396 787 2422 ne
809 2385 963 2422 minima
983 2385 1135 2432 quidem
1156 2386 1309 2431 mentio,
1339 2396 1455 2433 quum
1475 2383 1680 2432 Apollinea
1698 2394 1814 2432 quae·

313 2446 399 2485 dam
420 2448 637 2494 quotannis,
667 2452 708 2485 ut
731 2446 893 2494 videtur,
923 2448 1044 2485 sacris
1073 2447 1198 2485 choris
1227 2446 1424 2486 celebrata
1451 2449 1811 2493 commemorantum

404 2596 448 2640 ³⁴)
474 2594 633 2637 Deliaca,
661 2605 693 2638 p.
713 2596 771 2629 28:
804 2594 892 2628 Poll.
920 2595 1042 2629 Onom.
1070 2595 1095 2638 Ι,
1121 2596 1175 2630 37.
1313 2595 1362 2634 ⁸⁵)
1387 2594 1503 2629 Erant
1527 2593 1560 2629 ei
1585 2598 1681 2638 nota,
1706 2597 1747 2628 ut
1771 2604 1816 2628 ex

316 2653 386 2687 alio
418 2653 494 2687 loco
526 2657 695 2697 apparet,
731 2652 790 2686 ubi
826 2652 860 2686 in
887 2652 988 2687 festis
1024 2652 1254 2696 p‹·ntetericis
1280 2652 1411 2687 diserte
1443 2651 1687 2697 appellantur:
1725 2649 1814 2685 Poll.

315 2710 412 2753 vlu,
443 2712 514 2745 107.
632 2709 678 2751 ³⁶)
705 2709 866 2753 Xenoph.
893 2708 1087 2744 Memorab.
1112 2710 1172 2754 IV,
1197 2712 1229 2754 8,
1255 2712 1292 2754 23
1318 2709 1380 2744 cfr.
1406 2708 1498 2744 Plat.
1523 2707 1658 2743 Phaed.
1684 2719 1717 2753 p.
1734 2709 1813 2743 580-

407 2767 453 2808 37)
479 2766 570 2801 Bull.
597 2767 629 2800 d.
657 2765 865 2800 Corr.11ell.
892 2765 955 2809 ΙΙΙ,
981 2777 1013 2810 p.
1037 2768 1084 2799 12.
