1979 3326
684 305 983 353 ,-11—

189 430 389 468 Vetustius
430 433 534 468 certe
576 429 808 468 haberemus
848 429 1128 476 testimonium,
1174 430 1206 467 si
1248 429 1379 477 hymni
1420 429 1523 467 illius
1559 429 1599 466 in

87 493 304 542 Apollinem
332 493 487 531 Delium
516 493 694 541 inscripti
723 492 899 530 versibus
930 497 1093 539 30—44,
1122 496 1166 530 ut
1194 492 1386 530 Gilbertio
1415 496 1454 530 et
1472 493 1600 530 Attin·

87 567 180 604 gero
201 558 260 594 est
285 557 421 602 visum,
452 556 627 594 civitates
657 555 949 603 appellarentur
976 555 1285 603 amphictyoniae
1315 555 1488 594 deliacae
1509 567 1599 603 par-

87 620 224 667 ticipes
243 620 320 658 iam
339 622 448 657 sexto
468 619 623 657 saeculo
643 618 779 656 factae.
824 618 899 656 Sed
918 622 961 655 ut
980 630 1058 656 non
1079 618 1204 656 dicam
1239 619 1379 657 multas
1408 619 1599 666 laudatas,

89 694 189 731 quae
216 686 297 721 tum
324 684 509 730 temporis
538 683 643 720 nullo
671 681 784 720 modo
813 682 1025 729 participes
1054 694 1139 720 esse
1167 685 1329 729 possent
1357 682 1599 720 sollemnium

86 747 301 794 Apollinis,
329 750 374 784 ut
389 747 539 785 Lesbus
567 746 615 784 ab
635 746 780 793 Aeolis,
808 745 883 784 Cos
913 750 951 783 et
971 745 1114 783 Cnidos
1143 757 1166 784 a
1185 745 1355 784 Doribus
1383 757 1600 793 possessae,

87 821 222 848 versus
250 810 321 848 hos
349 821 427 848 non
446 821 532 848 cum
560 809 830 848 antecedente:
860 805 974 846 ἔνθεν
1001 807 1263 859 ἀπορνύμενος
1292 810 1382 845 πᾶσι
1403 806 1599 858 θνητοῖσιν

88 870 276 914 ἀνάσσεις
304 877 420 921 (quae
449 873 546 911 mira
575 884 668 910 sane
697 875 801 910 esset
827 873 981 920 imperii
1009 872 1223 918 diminutio,
1253 872 1285 909 si
1305 872 1452 919 Aegaei
1481 872 1599 909 maris

87 1052 151 1087 illa
180 1051 224 1086 de
250 1051 413 1086 deliastis
445 1054 571 1085 sancta
602 1050 746 1084 fuerint.
793 1049 891 1084 Male
924 1049 1121 1084 Gilbertius
1148 1054 1183 1083 et
1207 1048 1388 1092 Lebegius
1422 1058 1503 1082 cum
1533 1048 1602 1083 hoc

87 1108 269 1144 Athenaei
299 1107 410 1142 alium
440 1106 648 1141 Philochori
678 1107 797 1141 locum
822 1106 877 1149 (fr.
909 1109 971 1141 158
1001 1106 1039 1140 111
1072 1105 1108 1140 C.
1134 1105 1299 1149 Muneri,
1330 1104 1473 1148 Fragm„
1507 1106 1603 1141 Hist.

88 1165 215 1201 Graec.
239 1168 266 1210 Ι,
291 1176 324 1209 p.
350 1168 428 1208 411,
455 1174 476 1198 a
502 1164 698 1199 scholiasta
725 1163 890 1208 Sophocl.
918 1162 1003 1198 Oed.
1032 1162 1104 1197 Col.
1137 1165 1222 1197 1102
1250 1166 1446 1206 servatum)
1479 1170 1600 1198 conta-

87 1223 285 1268 minarunt,
322 1222 384 1257 ubi
419 1222 458 1256 in
493 1222 595 1257 libris
631 1221 886 1266 manuscriptis
924 1221 1014 1255 haec
1052 1220 1161 1255 verba
1196 1220 1380 1264 leguntur:
1419 1219 1524 1254 Ὅταν
1563 1221 1602 1254 δὲ

90 1281 224 1326 σημεῖα
245 1281 398 1326 γένηται
424 1280 705 1322 παραδεδομένα
722 1281 759 1311 ἐν
787 1281 865 1317 τοῖς
890 1279 1005 1322 ἱεροῖς
1030 1279 1115 1312 τότε
1135 1278 1400 1311 ἀποστέλλουσι
1425 1280 1490 1323 τὴν
1510 1279 1602 1311 θεω-

88 1339 172 1382 ρίαν
199 1338 232 1371 οἱ
258 1338 297 1370 ἐκ
322 1340 387 1371 τοῦ
419 1339 551 1381 γένους
582 1337 738 1371 πυτῖίαι
763 1338 809 1370 τέ
834 1337 904 1370 καὶ
930 1336 1164 1383 Δηλιάδες,
1199 1336 1363 1379 ὁποτέρα
1389 1334 1431 1369 ἄν
1457 1337 1599 1382 καθήκῃ

89 1395 229 1440 αὐτοῖς,
246 1405 339 1439 quae
357 1405 464 1429 sensu
482 1394 643 1429 carentia
659 1393 730 1428 iam
749 1393 813 1429 Od.
832 1393 965 1428 Muller
990 1393 1144 1435 (Dorier.
1164 1393 1191 1437 Ι,
1209 1404 1243 1437 p.
1262 1395 1343 1434 240)
1369 1393 1420 1428 310
1446 1403 1602 1428 0011111111-

89 1451 196 1487 tavit:
236 1451 503 1485 ἀποστέλλουσι
533 1453 596 1497 τὴν
630 1452 791 1495 θεωρίαν
830 1451 864 1484 οἱ
902 1451 939 1484 ἐκ
977 1453 1044 1484 τοῦ
1080 1451 1208 1494 γένους
1241 1448 1408 1484 Πυθιάδα
1445 1451 1503 1484 καὶ
1537 1453 1603 1495 Δη-

65 1509 206 1554 ’λιάδα,
231 1509 393 1552 ὁποτέρα
411 1506 451 1541 ἄν
470 1509 612 1554 καθήκῃ
633 1508 773 1553 αὐτοῖς;
801 1508 863 1543 sed
882 1507 1081 1543 Gilbertius
1106 1508 1234 1543 maluit
1259 1509 1294 1542 υἱ
1320 1510 1358 1541 ἐκ
1385 1511 1449 1542 τοῦ
1475 1509 1604 1551 γένους

89 1564 223 1600 Πύθιοί
243 1577 284 1599 τε
308 1565 366 1598 καὶ
391 1565 592 1610 Δηλιασταὶ
615 1565 876 1599 ἀποστέλλουσι
900 1565 1076 1609 301111010,
1103 1565 1208 1609 quasi
1234 1566 1289 1600 vel
1314 1566 1400 1609 hoc,
1428 1567 1482 1601 vel
1508 1576 1600 1610 quae

90 1627 246 1658 restant:
265 1623 332 1668 τὴν
352 1623 527 1667 θεωρίαν,
546 1623 708 1668 ὁποτέρα
726 1621 768 1656 ἂν
787 1623 929 1668 καθήκῃ
950 1623 1073 1661 αὐτοῖς
1091 1633 1220 1667 graeco
1240 1634 1402 1658 sermone
1421 1628 1456 1658 et
1473 1623 1544 1658 (1101
1570 1630 1605 1658 et

89 1680 254 1725 intellegi
289 1685 447 1725 possent.
504 1680 642 1724 Quibus
681 1680 776 1715 idem
819 1680 985 1715 adiunxit
1024 1680 1230 1715 Phaedonis
1267 1681 1447 1716 Platonici
1488 1681 1605 1715 10011111

91 1740 137 1785 (p.
163 1741 207 1774 58
224 1740 287 1784 c.)‚
319 1738 383 1773 ubi
408 1738 451 1773 de
476 1738 657 1783 Apollinis
691 1739 876 1774 sacerdote
902 1739 1022 1783 agitur
1054 1750 1178 1775 sacrae
1204 1739 1305 1774 navis
1331 1738 1480 1783 puppim
1506 1747 1604 1772 coro-

90 1801 210 1841 nante,
236 1807 342 1840 quem
359 1795 548 1830 Deliasten
572 1797 690 1840 ipsum
713 1807 855 1841 quoque
881 1797 993 1832 fuisse
1019 1797 1223 1832 contendit:
1251 1797 1339 1841 quin
1365 1796 1473 1830 etiam
1498 1795 1603 1829 huius

90 1854 205 1898 ipsius
230 1853 331 1888 navis
357 1858 394 1888 et
417 1854 684 1889 conservandae
712 1859 747 1889 et
771 1855 1024 1890 resarciendae
1048 1866 1178 1890 1111111113
1203 1854 1330 1889 iisdem
1355 1853 1491 1888 tribuit.
1535 1852 1605 1887 Sed

90 1911 181 1946 haec
205 1911 265 1945 vix
289 1910 399 1954 digna.
424 1915 517 1955 sunt,
543 1921 635 1954 quae
660 1911 882 1956 refellantur,
909 1917 944 1947 et
970 1912 1184 1947 refelluntur
1208 1922 1281 1946 una
1305 1911 1604 1956 Harpocrationis

91 1968 212 2012 glossa
236 1978 263 2002 3.
279 1979 311 2001 v.
337 1975 458 2012 (quam
481 1967 686 2012 Hesychius
712 1973 747 2003 et
774 1968 904 2003 Suidas
922 1969 1146 2003 decurtatam
1165 1968 1360 2012 exhibent),
1386 1967 1447 2002 ubi
1474 1968 1606 2002 (licitur

91 2024 263 2059 deliastas
301 2034 373 2059 non
411 2023 616 2059 sacerdotes
653 2024 782 2069 fuisse,
820 2024 882 2059 sed
919 2024 1064 2059 theoros
1099 2031 1135 2059 et
1165 2026 1269 2060 testis
1304 2025 1431 2059 harum
1462 2025 1605 2069 quidem

92 2091 213 2116 rerum
237 2080 471 2125 gravissimus
496 2081 685 2125 Lycurgus
710 2081 880 2116 laudatur
906 2082 943 2113 ἐν
971 2084 1023 2127 τῷ
1048 2083 1137 2115 κατὰ
1174 2081 1437 2128 Μενεσαίχμου.
1488 2082 1606 2118 Unum

92 2138 290 2174 Gilbertius
322 2138 361 2173 in
392 2143 467 2173 toto
499 2138 586 2182 hoc,
618 2139 649 2173 si
675 2139 727 2173 uti
753 2139 860 2173 verbo
887 2139 988 2183 licet,
1021 2149 1182 2174 errorum
1206 2139 1430 2184 Labyrintho
1457 2150 1606 2183 granum

90 2195 254 2231 veritatis
278 2195 425 2239 invenit,
451 2194 514 2229 sed
538 2195 722 2230 inventum
747 2196 824 2240 ipse
852 2196 985 2231 obruit:
1022 2197 1207 2241 perspexit
1233 2197 1326 2231 enim
1350 2197 1462 2232 fuisse
1489 2208 1605 2232 sacer-

92 2253 194 2288 dotes
217 2252 284 2288 hos
309 2251 501 2296 ApolliniS,
528 2263 616 2296 quos
634 2252 873 2288 Philochorus
899 2253 1070 2298 appellat,
1097 2264 1167 2288 non
1194 2254 1356 2299 publicos
1381 2255 1606 2289 Athenarum

92 2310 260 2355 civitatis,
278 2310 342 2345 sed
357 2310 523 2354 proprios
541 2311 730 2355 tetrapolis
747 2311 1066 2347 Marathoniensis.
1104 2313 1214 2347 Cuius
1228 2312 1420 2346 reicertum
1435 2312 1542 2346 mihis
1558 2312 1606 2345 vi-

92 2367 197 2403 detur
214 2367 476 2411 documentum,
502 2366 598 2410 quod
624 2368 829 2403 sacerdotes
854 2369 892 2403 hi
918 2375 953 2404 et
979 2370 1151 2414 auspiciis
1177 2370 1412 2415 praefuerunt
1437 2375 1472 2404 et
1497 2369 1607 2403 sacri-

92 2423 176 2460 ficia
207 2423 414 2459 obtulerunt
438 2423 475 2456 ἐν
505 2424 622 2469 Δηλίῳ
647 2430 682 2459 et
707 2425 744 2457 ἐν
772 2423 895 2470 Πυθίῳ
919 2425 1297 2470 Marathoniensibus,
1330 2436 1400 2460 non
1434 2426 1469 2460 in
1495 2425 1606 2460 Athe-

92 2491 220 2517 narum
250 2481 412 2526 templis3
445 2481 597 2526 certius,
631 2482 727 2525 quod
758 2482 970 2527 Pythaistae
1005 2484 1159 2528 publici,
1195 2484 1370 2518 Strabone.
1404 2489 1495 2518 teste
1530 2483 1606 2525 clx,

92 2541 125 2584 2,
153 2541 220 2583 11),
245 2537 390 2582 fulgura
414 2547 557 2573 servare
584 2539 748 2574 solebant
765 2550 783 2574 e
801 2551 901 2574 muro
918 2541 1018 2576 urbis
1044 2551 1154 2586 supra
1174 2541 1319 2584 Harma,
1345 2541 1476 2575 montis
1503 2550 1606 2575 exca-

91 2596 272 2630 vationem
296 2595 464 2630 Parnetis
491 2595 603 2638 (quod
636 2606 680 2630 ex
707 2596 826 2631 Oenoe
860 2598 1021 2642 conspici
1047 2609 1117 2633 non
1143 2599 1303 2642 potuisse
1330 2598 1488 2632 Koehler
1519 2597 1606 2631 mihi

93 2657 149 2688 est
173 2652 328 2696 auctor);
360 2651 616 2696 certissimum,
650 2653 746 2696 quod
778 2653 821 2688 de
848 2654 905 2689 his
936 2655 1043 2690 rebus
1076 2655 1240 2690 omnibns
1267 2655 1504 2689 Philochorus
1537 2665 1607 2688 non

93 2709 130 2744 in
156 2708 357 2744 Annalibus
381 2708 456 2743 suis
481 2709 590 2743 verba
614 2709 718 2754 fecit,
751 2721 867 2754 neque
901 2712 938 2746 in
970 2713 1090 2755 libris,
1124 2713 1167 2747 de
1192 2711 1469 2747 Atheniensium
1494 2712 1607 2746 sacris

94 2765 249 2810 publicis
285 2765 398 2810 (velut
434 2766 520 2809 περὶ
553 2765 709 2811 ἑορτῶν,
747 2769 831 2811 περὶ
865 2771 1002 2803 θυσιῶν
1038 2774 1131 2813 etc),
1163 2779 1278 2812 neque
1312 2768 1407 2812 quod
1439 2768 1606 2812 gravissi-
