1979 3326
776 295 1088 336 —123—

284 419 371 457 Duo
411 419 594 466 deinceps
638 420 831 459 scribae
872 419 1195 457 commemorandi
1239 424 1350 465 sunt,
1392 419 1688 467 hieropoeorum

183 495 296 530 unus,
323 483 423 520 alter
451 483 616 521 civitatis
647 484 733 533 (τῆς
761 483 947 527 πόλεως),
978 493 1140 530 quorum
1169 481 1216 520 dc
1245 493 1402 520 munere
1433 494 1479 520 ex
1507 483 1592 530 ipso
1621 494 1688 521 no-

181 547 282 584 mine
316 545 411 583 satis
444 546 651 593 perspicuo
687 546 783 583 nihil
819 545 982 592 amplius
1018 544 1094 581 dici
1131 548 1277 592 potest,
1314 545 1388 582 nisi
1424 545 1535 583 ambo
1570 546 1689 582 inter-

180 609 299 647 fuisse
319 612 362 646 ut
381 608 653 647 traditionibus
681 608 858 647 omnibus
887 609 926 644 in
954 606 1099 654 templo
1128 606 1240 645 factis
1269 608 1387 645 totius
1416 609 1558 645 aerarii
1587 608 1689 645 sacri

184 671 413 720 profanique
450 674 488 709 et
515 672 700 709 donorum
731 672 917 717 omnium,
946 671 1001 707 ita
1031 670 1190 717 singulis
1219 670 1471 718 pensionibus
1499 671 1687 718 pecuniae

180 735 230 773 ab
261 735 478 782 hieropoeis
506 735 566 773 vel
594 738 777 782 acceptae
806 735 866 772 vel
901 732 1171 781 expensam-¹³⁶)
1209 737 1325 781 atque
1354 733 1493 771 horum
1524 734 1687 772 scribam

185 797 376 845 adfuisse,
410 800 454 835 ut
481 799 609 836 statim
639 799 766 836 omnia
794 801 831 836 et
859 797 1037 845 deposita
1067 800 1104 834 et
1132 800 1290 844 erogata
1318 797 1458 834 litteris
1486 797 1688 835 mandaret

179 861 344 899 rationis
379 864 517 909 postea
551 861 772 899 reddendae
809 872 944 907 causa,
973 872 1049 898 non
1079 864 1138 898 est
1166 860 1270 908 quod
1297 872 1493 906 moneam3
1522 861 1688 897 civitatis

180 927 308 962 autem
361 923 526 962 scribam
574 923 845 974 ἀντιγραφέως
887 927 954 969 (ut
993 925 1144 961 nomine
1187 923 1350 961 Athenis
1392 924 1535 961 usitato
1583 926 1686 968 utar)

179 997 336 1024 munere
371 986 487 1024 credo
529 985 720 1034 functum,
761 990 804 1024 ut
838 987 1035 1034 exemplar
1069 987 1118 1024 ab
1167 998 1211 1024 eo
1249 987 1435 1034 scriptum
1470 986 1518 1024 ad
1562 986 1688 1023 hiero-

178 1060 362 1097 poeorum
403 1050 573 1087 rationes
590 1049 864 1088 examinandas
906 1053 943 1087 et
977 1049 1198 1097 probandas
1244 1049 1504 1087 adhiberetur.
1561 1048 1686 1086 Ambo

180 1115 219 1149 et
237 1112 354 1150 annui
384 1116 495 1150 erant
523 1115 561 1150 et
589 1124 612 1151 a
639 1112 782 1160 populo
811 1113 931 1150 creati
959 1111 1155 1158 videntur3
1186 1112 1435 1159 magistratus
1464 1115 1591 1149 autem
1621 1122 1686 1148 eos

179 1174 317 1222 fuisse,
352 1186 428 1213 non
463 1176 659 1213 ministros
696 1175 977 1222 conducticios‚
1006 1186 1132 1222 neque
1161 1186 1305 1222 parvae
1336 1175 1599 1220 auctoritatis,
1627 1174 1688 1211 vel

178 1237 267 1275 inde
301 1241 483 1286 apparet,
520 1238 623 1285 quod
656 1239 758 1276 inter
793 1239 948 1275 nomina
982 1248 1112 1275 eorum
1149 1249 1225 1275 non
1253 1238 1375 1275 multa
1403 1241 1556 1275 servata
1583 1238 1688 1275 inve-

180 1300 339 1338 niuntur
359 1299 505 1347 eadem,
526 1312 625 1348 quae
646 1301 759 1338 etiam
779 1301 818 1337 in
839 1311 1070 1338 summorum
1091 1300 1388 1347 magistratuum
1417 1299 1527 1337 fastis
1557 1311 1688 1337 occur-

179 1366 282 1400 runt.
292 1362 341 1407 ⁵⁷)
375 1362 474 1401 Nam
494 1363 728 1401 Timoxenus
745 1363 946 1400 Timoxeni
965 1361 1003 1409 f.,
1025 1363 1091 1410 qui
1110 1363 1316 1401 Xenotimo
1336 1362 1520 1400 archonte
1541 1369 1591 1405 (a.
1617 1367 1687 1400 179

179 1437 213 1464 a.
243 1424 332 1463 Chr.
368 1428 422 1471 n.)
461 1425 756 1473 hieropoeorum
795 1425 923 1463 scriba
958 1424 1049 1471 fuit,
1086 1424 1208 1462 frater
1246 1426 1328 1462 sine
1364 1424 1481 1462 dubio
1517 1424 1686 1462 eiusdem

180 1488 271 1525 anni
299 1487 500 1534 hieropoei
527 1487 717 1525 Demetrii
747 1490 965 1535 (paternum
996 1488 1096 1524 enim
1125 1498 1263 1524 nomen
1293 1490 1351 1524 est
1378 1487 1514 1533 idem),
1544 1487 1687 1525 haben-

182 1549 254 1587 dus
276 1552 335 1587 est
352 1549 454 1587 idem
474 1552 592 1597 atque
621 1550 852 1597 hieropoeus
881 1549 994 1587 huius
1022 1550 1186 1587 nominis
1216 1561 1372 1587 munere
1401 1549 1554 1587 functus
1573 1551 1687 1599 Poly-

179 1623 280 1650 xeno
315 1611 500 1650 archonte
537 1617 585 1655 (a.
621 1613 708 1658 176)
745 1615 784 1649 et
819 1615 923 1649 certe
958 1610 1030 1649 fuit
1059 1612 1202 1650 archon
1232 1613 1321 1650 anui
1355 1616 1421 1650 171
1453 1624 1486 1650 a.
1518 1612 1605 1650 Chr.
1636 1625 1686 1659 n.‚

179 1673 281 1722 quod
302 1675 416 1712 etiam
438 1674 499 1711 hic
519 1674 720 1712 Timoxeni
740 1674 841 1711 filius
862 1675 1102 1722 appellatum
1121 1675 1292 1722 Polybus
1320 1680 1447 1713 autem
1468 1675 1628 1723 Menylli
1648 1675 1686 1723 f.,

178 1738 244 1786 qui
275 1737 403 1776 scriba
430 1737 725 1785 hieropoeorum
755 1736 828 1774 fuit
854 1737 1055 1784 Amphicle
1084 1737 1269 1774 archonte
1300 1742 1349 1782 (a.
1383 1741 1484 1783 170),
1514 1750 1589 1775 non
1619 1738 1686 1775 du-

179 1800 271 1845 bito,
302 1801 393 1848 quin
420 1799 537 1838 fuerit
563 1799 664 1838 filius
685 1800 846 1848 Menylli
874 1800 1011 1848 Polybi
1031 1799 1069 1846 f.,
1100 1801 1165 1848 qui
1195 1802 1413 1848 quaestoris
1444 1805 1501 1838 est
1529 1813 1685 1839 munere

176 1862 330 1901 functus
350 1863 515 1901 Demare
538 1863 721 1900 archonte
744 1868 794 1905 (a.
817 1867 914 1905 180).
960 1866 1084 1910 Atque
1108 1863 1267 1900 Athenis
1288 1864 1416 1909 etiam,
1447 1863 1513 1900 ubi
1535 1864 1685 1901 scribae

179 1925 409 1964 conducticii
442 1937 580 1964 nomen
608 1925 818 1973 opprobrio
848 1930 951 1972 erat,
991 1930 1143 1964 constat
1171 1927 1209 1963 in
1246 1927 1537 1973 magistratuum
1567 1927 1682 1964 colle-

180 1988 252 2036 giis
274 1988 438 2026 scribam
459 1992 568 2026 tanta
588 1999 671 2026 esse
693 1989 925 2026 auctoritate
955 2000 1077 2035 nsum,
1106 1993 1147 2026 ut
1178 2001 1251 2027 non
1283 1990 1404 2027 solum
1433 2001 1571 2027 nomen
1600 1990 1683 2027 eius

179 2055 433 2098 usurparetur
452 2051 502 2089 ad
522 2051 676 2099 collegii
698 2063 838 2089 annum
859 2051 1150 2099 designandum,
1172 2052 1240 2090 sed
1266 2053 1380 2090 etiam
1410 2053 1492 2099 ipse
1522 2052 1682 2099 collegio

178 2237 275 2271 mina
299 2242 382 2272 sunt
406 2237 508 2272 nobis
533 2242 636 2282 nota,
669 2249 816 2273 necesse
849 2239 990 2274 videtur
1016 2239 1126 2274 statui
1153 2239 1313 2284 Empedo
1340 2239 1510 2274 archonte
1545 2249 1593 2281 (a.
1623 2243 1684 2275 187

176 2304 207 2328 a.
226 2293 307 2329 Chr.
326 2294 372 2339 n.)
401 2305 478 2329 esse
504 2299 735 2338 quaestorum
760 2306 907 2331 munere
933 2296 1073 2331 functos
1096 2296 1301 2331 Posidicum
1328 2302 1363 2330 et
1389 2296 1684 2341 Mnesimachum,

177 2355 214 2386 et
237 2351 274 2385 in
298 2351 406 2386 huius
431 2351 549 2386 locum
575 2357 657 2386 ante
684 2353 768 2386 anni
795 2353 929 2387 exitum
949 2354 1077 2388 mortui
1106 2354 1300 2388 secundum
1327 2354 1441 2397 legem
1468 2354 1684 2389 successisse

175 2408 369 2443 liberorum
394 2408 471 2444 eius
496 2413 651 2444 tutorem
671 2409 840 2443 Oeneum.
868 2430 911 2434 —
938 2410 1146 2453 Quaestoris
1165 2410 1389 2454 Aphthoneti
1413 2411 1567 2455 (Demar.
1587 2411 1683 2446 arch.

176 2464 244 2499 inv.
271 2464 332 2499 lin.
351 2465 407 2510 20)
434 2469 470 2499 et
493 2465 768 2509 hieropoeorum
794 2466 1017 2510 Aphthoneti
1045 2467 1301 2510 Theoxenique
1328 2466 1425 2511 (ibid.
1452 2467 1512 2501 lin.
1533 2470 1684 2502 40-41)

175 2521 320 2556 nomina
344 2521 506 2556 consulto
532 2522 639 2557 credo
665 2523 709 2557 ab
735 2523 914 2557 Homollio
941 2524 976 2557 in
1001 2523 1104 2558 fastis
1132 2524 1281 2568 omissa,
1314 2534 1394 2559 cum
1420 2525 1478 2558 vix
1504 2531 1603 2559 certa
1628 2535 1683 2559 ra-

178 2577 275 2613 tione
301 2578 346 2612 ad
370 2578 466 2613 hunc
491 2579 546 2613 vel
572 2579 672 2614 illum
698 2590 829 2614 annum
855 2580 981 2614 referri
1009 2581 1157 2624 possint.

272 2635 316 2679 56)
343 2634 486 2670 Demar.
505 2636 601 2671 arch.
616 2642 682 2671 rat.
701 2637 760 2670 lin.
780 2640 881 2681 2-3,
907 2640 961 2680 38,
987 2641 1042 2681 55,
1067 2639 1121 2681 76,
1152 2640 1225 2681 100,
1255 2640 1332 2681 122;
1359 2638 1471 2672 eiusd.
1490 2639 1586 2672 arch.
1613 2639 1681 2673 inv.

176 2691 238 2726 lin.
268 2694 364 2727 1-3.
503 2693 550 2735 ⁵⁷)
575 2692 633 2727 Ad
659 2703 717 2737 ea,
751 2704 842 2736 quae
875 2699 1091 2738 sequuntur,
1123 2700 1204 2729 utor
1228 2694 1332 2730 fastis
1364 2695 1512 2730 deliacis
1538 2696 1582 2730 ab
1610 2696 1682 2731 Ho-

177 2747 296 2783 mollio
323 2748 547 2793 compositis:
576 2749 791 2786 »Archives«
819 2761 853 2796 p.
885 2753 946 2785 102
961 2761 1036 2796 sqq.
