1957 3326
942 303 1222 345 -68-

332 425 504 479 μηνυθὲν
531 426 633 477 παρὰ
664 425 850 469 Πύθωνος
878 426 1012 477 Δηλίου
1042 430 1157 474 (1500
1179 426 1322 474 dr.)‚⁵⁰)
1359 437 1457 475 quae
1486 427 1579 476 quin
1611 427 1690 465 sint
1716 437 1832 476 pecu·

333 492 418 528 niae
447 501 470 528 a
497 489 568 528 deo
598 494 750 527 mutuae
779 489 891 528 datae
921 501 1044 538 neque
1073 501 1096 528 a
1124 489 1364 528 debitoribus
1392 489 1568 528 redditae
1597 500 1758 538 eamque
1781 488 1831 528 ob

333 563 486 591 causam
517 564 586 600 per
614 552 793 590 iudicium
823 557 994 597 exactae,
1023 554 1085 590 vix
1113 553 1151 590 in
1180 552 1336 590 dubium
1367 554 1494 591 vocari
1523 557 1663 602 potest,
1699 563 1831 601 quam-

332 617 387 654 vis
417 617 467 653 sit
494 616 679 654 inusitata
706 616 801 654 haec
829 615 1002 654 formula.
1056 615 1206 653 Deinde
1235 616 1424 662 sequitur:
1453 614 1500 652 ἐκ
1529 615 1605 652 τῶν
1633 613 1832 666 ἐνεχύρων

334 678 410 715 τῶν
445 675 686 728 ὠφληκότων
726 678 795 721 τὰς
830 677 943 721 δίκας
980 679 1090 729 τιμῆς
1127 678 1336 729 κεφάλαιον
1363 701 1413 707 -
1446 683 1540 717 1845
1568 678 1640 725 dr.,
1668 688 1765 726 quas
1793 677 1832 715 in

333 743 522 780 aerarium
551 743 773 789 pervenisse
802 746 909 789 patet
937 754 956 780 e
985 742 1208 789 pignoribus
1237 741 1454 779 debitorum
1482 740 1660 788 venditis,
1689 741 1755 788 qui
1783 740 1832 779 ob

332 816 399 842 aes
428 805 591 842 alienum
622 816 696 842 non
717 805 954 852 persolutum
976 806 1013 842 iu
1033 806 1091 841 ius
1112 805 1236 843 vocati
1257 803 1504 851 damnatique
1525 807 1673 850 essent;
1701 803 1831 851 cogni-

332 871 410 904 tum
441 867 538 904 enim
568 866 751 905 habemus
787 867 1044 905 creditoribus
1079 868 1162 905 iure
1198 868 1314 905 attico
1350 867 1503 904 licuisse
1540 877 1564 904 a
1591 865 1832 904 debitoribus

332 929 522 968 damnatis
551 941 619 967 suo
649 930 808 968 arbitrio
838 931 1000 977 pignora
1028 941 1166 978 capere
1202 941 1323 977 eaque
1351 928 1536 976 vendere,
1573 928 1663 967 dum
1697 929 1830 977 pigno·

332 1005 414 1031 rum
443 993 683 1030 venditorum
713 994 877 1040 pretium
906 1004 971 1031 aes
1001 993 1164 1031 alienum
1186 993 1357 1031 debitum
1384 997 1582 1041 aequaret,
1612 1003 1710 1040 quae
1729 991 1829 1030 ratio

333 1052 603 1106 ἐνεχίψοισμύ,Ἰ
631 1067 769 1104 graeco
798 1068 973 1094 sermone
1003 1056 1233 1104 appellatur.

436 1119 563 1156 Dubia
592 1130 683 1156 sane
712 1130 774 1156 res
803 1122 861 1156 est
889 1118 935 1156 de
964 1118 1125 1166 iudicio,
1162 1129 1186 1156 a
1214 1128 1290 1166 quo
1319 1121 1409 1156 sunt
1436 1117 1605 1156 damnati
1634 1120 1673 1155 et
1699 1117 1832 1165 impie-

331 1182 423 1219 tatis
452 1182 507 1218 rei
537 1186 575 1218 et
604 1180 798 1219 debitores
828 1178 1074 1231 ὑπερήμεροι.
1131 1182 1257 1229 Atque
1286 1181 1377 1218 mihi
1403 1180 1556 1228 quidem
1577 1181 1831 1228 compositum

333 1255 418 1282 esse
446 1243 598 1281 videtur
628 1256 673 1281 ex
703 1243 892 1281 iudicibus
914 1245 1041 1281 atticis
1071 1243 1247 1289 (adlectis
1267 1243 1430 1282 fortasse
1450 1245 1639 1282 sociorum
1658 1243 1833 1292 legatis);

331 1318 407 1344 non
437 1307 534 1344 enim
564 1305 680 1344 fuisse
710 1307 958 1344 heliastarum
987 1306 1169 1344 iudicium
1200 1306 1434 1345 ordinarium
1461 1310 1570 1355 patet
1589 1319 1636 1345 ex
1656 1307 1741 1355 ipso
1760 1307 1833 1345 hoc

332 1369 473 1418 lapide,
501 1371 540 1407 in
569 1382 643 1418 quo
672 1370 859 1418 pecuniae
889 1369 1076 1418 quaedam
1108 1381 1300 1418 expensae
1334 1381 1418 1408 esse
1445 1369 1625 1408 dicuntur
1655 1368 1733 1407 »ad
1761 1369 1833 1407 ius

332 1433 579 1471 dicendum
608 1444 631 1470 a
659 1436 826 1470 senatu
856 1433 1018 1470 missis
1057 1429 1153 1476 (τοῖς
1181 1431 1240 1474 εἷς
1269 1431 1339 1474 τὰς
1367 1431 1482 1475 δίκας
1509 1430 1736 1483 πεμφθεῖσιν
1763 1429 1833 1469 ὑπὸ

331 1497 400 1546 τῆς
417 1495 675 1545 βουλῆς)«,51)
705 1496 805 1534 unde
832 1497 1066 1544 perspicitur
1092 1496 1239 1544 legatos
1266 1496 1334 1534 hos
1362 1498 1531 1543 senatus,
1560 1495 1656 1533 iuris
1676 1494 1833 1533 dicundi

331 1562 523 1607 potestate
557 1558 774 1606 praeditos,
817 1559 986 1596 tribunal
1027 1570 1136 1596 suum
1174 1558 1280 1603 Deli,
1323 1569 1399 1596 non
1437 1557 1598 1596 Athenis
1640 1557 1832 1596 habuisse.

332 1622 439 1660 Haec
469 1621 548 1659 fere
577 1626 684 1666 sunt,
721 1633 818 1669 quae
849 1622 894 1659 de
924 1633 965 1660 re
994 1622 1197 1660 iudiciaria
1226 1633 1310 1659 cum
1346 1621 1511 1670 quadam
1545 1620 1834 1670 probabilitatis

333 1686 460 1732 specie
491 1683 673 1722 affirmari
702 1689 882 1732 possunt,
918 1686 990 1723 nisi
1021 1685 1122 1733 quod
1152 1697 1171 1723 e
1199 1685 1369 1733 vestigiis
1407 1684 1635 1732 quibusdam
1671 1686 1835 1731 apparet

332 1747 426 1785 haec
452 1747 593 1785 iudicia
619 1760 688 1795 per
714 1751 834 1786 totum
857 1748 1200 1786 administrationis
1221 1748 1362 1786 atticae
1382 1751 1534 1795 tempus
1554 1747 1831 1795 permansisse:

331 1811 370 1847 in
398 1811 531 1858 populi
561 1811 660 1848 enim
687 1810 854 1856 decreto,
883 1822 958 1858 quo
980 1809 1201 1857 Pythodoro
1222 1809 1410 1857 Heraippi
1438 1808 1462 1846 f.
1484 1809 1598 1847 Delio
1623 1809 1833 1857 proxeniae

332 1872 497 1911 honores
534 1873 775 1920 tribuuntur,
812 1872 1100 1920 amphictyones
1137 1872 1426 1911 Atheniensium
1463 1871 1645 1910 iubentur
1679 1871 1833 1910 titulum

424 2021 468 2065 5⁰)
494 2019 589 2054 Satis
616 2024 670 2054 cst
694 2019 840 2064 mirum,
866 2030 930 2054 cur
955 2019 1047 2054 inter
1072 2019 1162 2055 duas
1186 2019 1252 2055 has
1277 2019 1466 2065 formulas,
1497 2019 1627 2064 quibus
1651 2030 1727 2055 rem
1750 2029 1834 2054 ean-

331 2077 411 2112 dem
437 2077 632 2120 significari
659 2082 794 2112 certum
820 2083 885 2121 est,
911 2077 982 2112 talc
1008 2077 1199 2112 discrimen
1225 2077 1434 2122 intercedat,
1461 2082 1500 2112 ut
1523 2077 1561 2112 in
1585 2087 1657 2112 una
1681 2077 1835 2122 pecunia

331 2140 459 2170 exacta
483 2134 624 2169 dicatur
651 2135 694 2167 ἐκ
721 2137 807 2167 τῶν
831 2132 1072 2178 Ἐπισθένους,
1098 2134 1134 2168 in
1160 2134 1274 2169 altera
1300 2135 1417 2179 παρὰ
1438 2132 1627 2180 Πύθωνος
1651 2134 1754 2170 cuius
1779 2133 1833 2170 rei

331 2202 460 2227 causae
487 2191 619 2226 multae
645 2191 842 2235 excogitari
868 2196 1027 2235 possunt,
1054 2191 1312 2226 verisimillima
1336 2191 1423 2226 mihi
1448 2191 1539 2227 haec
1563 2191 1720 2227 videtur:
1746 2190 1833 2236 Epi-

332 2249 493 2292 sthcnes,
531 2260 609 2283 cnm
637 2249 789 2293 pecunia
823 2248 867 2282 ab
899 2259 939 2283 eo
972 2249 1192 2293 exigeretur,
1234 2249 1304 2284 iam
1339 2254 1499 2284 mortuus
1531 2254 1610 2285 erat
1640 2253 1748 2293 atque
1780 2247 1833 2284 id-

332 2305 426 2339 circo
454 2316 514 2340 aes
541 2305 695 2339 alienum
722 2305 879 2339 debitum
906 2315 974 2339 non
1001 2305 1044 2339 ab
1071 2305 1166 2350 ipso,
1204 2310 1243 2339 ut
1275 2315 1297 2339 a
1328 2304 1507 2351 Pythone,
1539 2304 1602 2341 sed
1636 2316 1654 2341 e
1685 2316 1724 2341 re
1755 2305 1834 2341 eius

331 2362 516 2405 familiari,
550 2372 654 2405 quam
682 2362 873 2397 heredibus
900 2362 1112 2406 reliquerat,
1145 2367 1309 2397 exactum
1335 2362 1476 2398 dicitur.
1535 2363 1667 2399 Nescio
1692 2373 1738 2398 an
1762 2373 1834 2399 non

331 2430 634 2464 supervacaneum
660 2420 705 2453 sit
729 2430 1005 2454 commemorare
1025 2420 1059 2454 in
1079 2419 1288 2464 posterioris
1304 2419 1475 2464 temporis
1492 2420 1692 2456 rationibus
1710 2420 1833 2466 appel-

331 2477 396 2511 lari
424 2477 515 2511 inter
541 2476 704 2511 aedificia
731 2476 786 2511 ‹lei
814 2477 961 2521 propria
985 2477 1127 2511 domum
1153 2477 1343 2521 quandam,
1369 2487 1461 2521 quae
1484 2475 1707 2512 Ἐπισθένεια
1731 2488 1832 2513 voce-

330 2539 405 2578 tur,
439 2540 478 2568 ut
503 2534 665 2568 conicere
693 2534 799 2568 liceat
825 2535 1011 2578 pecuniam
1038 2539 1200 2569 exactam
1226 2535 1314 2570 satis
1346 2533 1517 2579 grandem
1546 2545 1616 2570 non
1648 2534 1832 2571 suffecisse

331 2591 375 2625 ad
401 2591 560 2625 debitum
586 2591 790 2625 solvendum
817 2598 924 2634 atque
950 2591 1091 2626 domum
1117 2592 1225 2626 ctiam
1250 2591 1327 2626 eius
1353 2601 1417 2636 pro
1442 2591 1596 2636 pecunia
1619 2602 1691 2627 non
1721 2601 1834 2637 pensa

331 2648 375 2682 ab
402 2647 712 2692 amphictyonibus
738 2647 955 2691 publicatam
988 2669 1030 2673 —
1065 2648 1127 2682 sed
1158 2648 1226 2683 hoc
1256 2648 1447 2692 incertum,
1480 2647 1648 2692 quoniam
1681 2647 1833 2684 eundem

330 2716 408 2740 esse
435 2705 612 2739 hominem
639 2704 875 2739 demonstrari
900 2705 996 2739 nullo
1023 2704 1125 2739 modo
1151 2709 1279 2750 potest.

423 2765 467 2807 ⁵¹)
492 2763 540 2797 M.
569 2763 705 2798 Sandw.
732 2762 873 2807 Fragm.
892 2763 924 2797 b.
951 2762 1010 2798 lin.
1029 2766 1082 2799 32.
1136 2752 1140 2756 ⁴
