1957 3293
937 303 985 310 —
1053 282 1243 322 142—

450 403 586 451 Neque
607 403 702 441 illud
721 403 871 442 videtur
891 404 1138 442 omittendum
1158 415 1241 443 esse
1269 415 1427 444 numero
1454 405 1656 445 chororum
1683 415 1833 453 semper

347 465 478 504 eodem
505 471 681 505 manente
710 471 879 505 actorum
908 467 1126 506 comoediae
1154 471 1193 505 et
1219 467 1439 515 tragoediae
1466 469 1616 507 variare
1643 469 1683 506 in
1710 467 1832 506 titulis

347 539 542 566 numerum
563 529 662 566 inter
689 540 804 566 unum
833 534 871 566 et
899 532 1061 576 septem;
1090 530 1154 576 qui
1183 528 1371 577 quomodo
1399 529 1534 568 choros
1561 531 1662 569 inter
1689 541 1730 568 se
1757 528 1833 568 dis·

347 591 584 639 pertiverint‚
618 591 731 639 plane
759 592 966 639 ignoratur.
1023 591 1168 638 Quibus
1195 591 1389 630 actoribus
1417 592 1590 631 omnibus
1618 592 1832 640 ceterisque

347 652 558 691 artificibus
594 655 684 702 quin
720 655 768 691 sit
794 665 939 691 merces
967 654 1093 692 soluta
1119 665 1193 692 non
1221 665 1244 692 a
1271 654 1446 702 choragia
1473 666 1597 703 neque
1626 666 1646 693 e
1675 654 1737 693 dei
1764 666 1831 702 pe-

347 717 482 762 cunia,
511 715 578 754 sed
607 727 652 753 ex
680 717 830 754 aerario
858 715 1030 764 publico,
1058 720 1100 753 ut
1126 728 1196 764 per
1223 727 1263 754 se
1290 715 1445 755 dubium
1474 728 1550 755 non
1578 720 1647 763 est,
1676 717 1731 755 ita
1757 727 1833 755 non

348 779 488 816 desunt
520 778 738 816 testimonia
773 777 970 825 quaedam.
1033 777 1269 816 Tibicinibus
1304 777 1454 826 quidem
1498 779 1637 817 scimus
1677 778 1829 827 publice

346 841 551 889 quotannis
587 845 686 879 3000
724 840 987 878 drachmarum
1023 840 1233 878 mercedem
1269 841 1522 888 assignatam,
1555 851 1602 879 ac
1633 845 1836 890 praeterea

347 907 420 943 470
457 904 514 942 dr.
553 903 772 953 σιτηρεσίου
808 903 1092 954 χορηγημάτων
1131 902 1194 939 καὶ
1236 902 1450 953 νικητηρίου
1491 904 1642 942 nomine
1682 914 1832 952 pensas,

348 969 455 1005 cuius
491 968 676 1015 pecuniae
711 978 857 1004 summa
891 968 966 1004 iam
1002 978 1101 1004 anno
1134 971 1222 1005 ante
1255 968 1293 1004 in
1327 977 1419 1004 arca
1444 966 1599 1014 publica
1625 967 1664 1004 in
1689 966 1832 1015 templo

347 1036 546 1069 asservata
580 1030 844 1078 deponebatur
872 1041 895 1067 a
922 1028 1271 1078 quaestoribus.¹2²)
1316 1029 1375 1067 De
1402 1029 1561 1077 reliquis
1587 1028 1682 1067 nihil
1707 1029 1834 1077 cogni-

347 1098 425 1131 tum
447 1093 642 1140 habemus,
663 1093 729 1131 sed
749 1104 832 1131 cum
853 1104 1081 1141 unoquoque
1110 1104 1209 1131 anno
1237 1093 1276 1130 in
1304 1092 1593 1140 hieropoeorum
1621 1091 1833 1130 rationibus

351 1157 521 1205 legamus
557 1167 579 1193 a
608 1155 875 1204 quaestoribus
904 1167 987 1194 esse
1016 1156 1142 1194 illatas
1170 1156 1209 1193 in
1238 1166 1386 1193 sacrum
1415 1155 1605 1193 aerarium
1633 1153 1832 1193 drachmas

346 1220 494 1268 aliquot
527 1242 576 1247 —
611 1218 812 1268 περιόντας
840 1217 912 1255 ἀπὸ
941 1217 1198 1269 reluctatum)
1231 1218 1372 1264 (nullas
1399 1217 1449 1256 ad
1475 1217 1710 1256 hunc-usum
1745 1217 1832 1256 inde

345 1283 566 1332 desumptas
587 1295 670 1322 esse
691 1287 854 1330 moneo),
875 1294 950 1321 non
969 1287 1112 1321 temere
1132 1283 1306 1321 conicere
1325 1281 1416 1320 mihi
1444 1280 1577 1320 videor
1603 1281 1673 1320 has
1701 1293 1832 1330 super-

345 1345 462 1384 fuisse
483 1357 502 1383 e
524 1347 686 1394 pecunia
706 1347 901 1393 assignata
928 1345 977 1384 ad
1005 1346 1215 1384 mercedem
1244 1347 1447 1396 τεχνίταις,
1475 1345 1556 1383 scil.
1575 1344 1832 1392 Dionysiacis‚

344 1484 428 1529 γῳδ.
445 1503 489 1508 ——
508 1482 604 1516 arch.
623 1481 820 1516 Cleostrato
839 1482 882 1525 (a.
900 1484 996 1525 282);
1023 1481 1168 1525 Dionys.
1186 1481 1319 1526 κωμῳδ.
1337 1501 1382 1506 -
1398 1479 1494 1516 arch.
1512 1479 1660 1515 Callimo
1677 1481 1723 1522 (a.
1740 1480 1831 1521 268).

345 1540 582 1575 Deinomenes
598 1538 800 1583 Leophanti
817 1538 857 1572 f.:
884 1538 1027 1583 Dionys.
1044 1539 1178 1571 παίδων
1196 1558 1241 1563 -
1257 1537 1353 1572 arch.
1371 1537 1496 1573 Procle
1514 1538 1558 1582 (a.
1571 1539 1669 1581 265);
1686 1535 1831 1580 Dionys.

345 1597 501 1642 τραγῳδ.
527 1617 570 1621 -
595 1595 691 1630 arch.
717 1595 941 1630 Archedama
967 1603 1012 1635 (a.
1031 1597 1122 1634 263).
1172 1595 1386 1630 Sosistratus
1410 1594 1587 1639 Amphiae
1611 1592 1651 1628 f.:
1686 1592 1830 1636 Dionys.

345 1654 499 1699 τραγῳδ.
525 1674 569 1679 -
595 1653 690 1687 arch.
708 1652 833 1688 Procle
858 1656 904 1696 (a.
921 1654 1018 1697 265);
1044 1652 1188 1697 Dionys.
1213 1653 1344 1686 παίδων
1370 1672 1414 1678 -
1437 1649 1662 1686 Archedama
1677 1656 1724 1692 (a.
1740 1650 1833 1690 263).

344 1711 509 1746 Paches
534 1709 893 1744 Anaxithemidis
910 1709 950 1743 f.:
977 1709 1093 1753 Apoll.
1112 1709 1242 1743 παίδων
1268 1729 1312 1734 -
1336 1708 1484 1744 Callimo
1501 1710 1660 1752 (a.268)3
1685 1706 1831 1750 Dionys.

344 1769 473 1800 παίδων
505 1788 548 1793 -
579 1766 703 1802 Procle
735 1769 780 1808 (a.
805 1768 900 1810 265);
938 1766 1066 1800 iterum
1097 1786 1142 1791 —
1174 1765 1399 1800 Archedama
1423 1770 1469 1808 (a.
1493 1768 1583 1809 263).
1631 1764 1672 1799 In
1696 1767 1833 1808 septem

345 1824 429 1859 solis
455 1823 559 1868 primi
576 1823 706 1868 lapidis
732 1823 845 1858 titulis
863 1822 986 1857 eadem
1012 1822 1154 1857 nomina
1177 1822 1232 1857 bis
1257 1822 1308 1865 (in
1325 1832 1394 1857 uno
1412 1822 1573 1867 exemplo
1588 1825 1657 1862 ter)
1679 1819 1834 1865 repetita

344 1881 531 1925 habemus,
566 1880 627 1915 sed
658 1881 729 1914 iam
761 1880 932 1925 septimus
958 1880 1146 1915 admodum
1170 1885 1225 1915 est
1248 1880 1413 1924 mutilus,
1445 1879 1555 1915 multo
1580 1879 1689 1915 etiam
1720 1877 1832 1921 magis

345 1945 490 1974 octavus
515 1944 622 1982 atque
648 1937 736 1973 adeo
762 1949 886 1982 nonus,
912 1942 951 1972 ut
975 1938 1080 1973 exiis
1106 1937 1194 1972 nihil
1212 1937 1440 1982 proficiamus
1465 1937 1511 1972 ad
1534 1941 1693 1972 nostrum
1717 1933 1832 1970 consi·

345 1997 446 2041 lium3
472 1996 629 2031 decimus
655 1997 724 2030 iam
750 1996 937 2040 sexaginta
961 1995 1063 2030 annis
1088 2000 1169 2040 post
1193 1995 1381 2040 septimum
1405 1999 1460 2030 est
1483 1999 1652 2030 exaratus
1677 1996 1715 2028 et
1737 1991 1831 2026 inter

345 2065 423 2089 eum
457 2053 773 2097 duodecimumque
808 2052 1026 2097 (undecimus
1061 2053 1154 2087 enim
1178 2052 1236 2087 vix
1261 2052 1331 2096 legi
1362 2052 1490 2097 potest)
1522 2061 1648 2086 rursus
1681 2049 1830 2093 triginta

345 2117 427 2146 sunt
451 2111 627 2146 interiecti
645 2111 739 2154 anni,
764 2116 803 2145 ut
819 2110 915 2145 nullo
933 2109 1035 2145 modo
1052 2110 1089 2144 in
1113 2109 1347 2154 choragorum
1367 2119 1514 2144 numero
1539 2107 1654 2143 eidem
1670 2105 1831 2141 homines

346 2174 453 2212 atque
478 2169 514 2203 in
541 2174 675 2213 septem
700 2168 823 2213 primis
848 2168 1019 2212 appellati
1045 2178 1122 2202 esse
1148 2167 1339 2212 potuerint.

436 2225 497 2267 1⁹²)
523 2225 662 2259 Demar.
696 2225 792 2259 arch.
825 2230 890 2259 rat.
916 2225 977 2259 lin.
1002 2226 1137 2260 85-86
1168 2224 1239 2267 (ἐπὶ
1266 2222 1450 2261 Φωκαιέως
1475 2219 1733 2266 neocosmum),
1769 2221 1832 2254 112

344 2286 456 2317 —113
481 2281 554 2324 (ἐπὶ
575 2282 746 2328 Δημάρου
770 2280 1025 2325 Ποσιδεῶνος);
1051 2281 1112 2316 cfr.
1138 2280 1245 2316 etiam
1270 2280 1329 2315 lin.
1359 2280 1546 2322 127-129,
1570 2277 1631 2313 ubi
1657 2275 1832 2322 pecuniae

345 2348 481 2373 summa
512 2337 708 2372 Posideone
739 2338 822 2372 anni
860 2337 1053 2381 superioris
1089 2336 1252 2381 deposita
1283 2336 1319 2370 in
1351 2345 1436 2371 arca
1469 2334 1613 2380 publica
1642 2332 1831 2368 Lenaeone

346 2407 465 2431 mense
481 2395 630 2430 Demare
649 2395 818 2429 archonte
837 2394 967 2429 dicitur
984 2404 1106 2429 rursus
1124 2393 1370 2438 quaestoribus
1387 2392 1528 2427 tradita.
1611 2389 1673 2433 ¹²⁸)
1690 2389 1831 2424 Demar.

346 2453 441 2488 arch.
467 2458 532 2487 rat.
551 2452 610 2486 lin.
634 2455 774 2496 12—13,
804 2454 944 2495 16-18,
969 2455 1114 2496 21-22,
1137 2453 1288 2495 52-53;
1313 2449 1490 2495 Amphicl.
1507 2448 1604 2484 arch.
1621 2451 1688 2483 rat.
1706 2445 1769 2481 lin.
1788 2447 1832 2480 28

346 2513 452 2554 —29‚
476 2511 626 2552 30-31,
652 2511 805 2550 36-37,
830 2511 982 2552 52-53,
1015 2510 1169 2552 65-66,
1195 2508 1338 2543 72-73.
1396 2506 1511 2542 Semel
1544 2504 1683 2550 plenius
1714 2507 1832 2538 exstat

348 2567 518 2611 scriptum
553 2565 708 2605 (Demar.
735 2565 831 2600 arch.
856 2571 921 2600 rat.
948 2565 968 2600 1.
1000 2567 1068 2605 m:
1106 2564 1125 2598 ὃ
1151 2564 1287 2608 ἔφασαν
1320 2563 1576 2608 περιγενέσθαι
1610 2561 1734 2597 αὐτοῖς
1758 2559 1829 2593 ἀπὸ

347 2627 412 2658 τοῦ
439 2622 699 2668 διαταχιῖέντος
724 2622 772 2660 εἰς
797 2624 840 2655 τὰ
866 2621 964 2660 ξένια
990 2623 1063 2660 τοῖς
1087 2623 1273 2667 τεχνίταις,
1298 2631 1367 2656 non
1392 2619 1536 2655 additur
1559 2624 1689 2664 tamen,
1713 2628 1736 2653 a
1761 2627 1831 2662 quo

348 2681 400 2715 vel
427 2679 519 2714 unde
545 2684 640 2713 esset
663 2678 751 2713 haec
768 2678 921 2723 pecunia
945 2678 1224 2722 subministrata,
1249 2676 1312 2712 sed
1327 2687 1407 2712 cum
1431 2681 1527 2712 certe
1544 2685 1614 2711 non
1631 2686 1675 2711 ex
1692 2674 1831 2710 aerario

347 2748 447 2774 sacro
473 2734 627 2780 fluxerit,
652 2735 744 2770 unde
770 2745 846 2770 eam
872 2745 1018 2779 pensam
1042 2733 1167 2770 credas
1191 2733 1259 2768 nisi
1284 2743 1303 2768 e
1329 2731 1498 2778 publico?
