1979 3326
760 315 1042 356 -73—

254 440 328 478 Est
355 439 520 479 formula
547 439 797 478 traditionum
824 441 864 477 in
898 439 1019 477 titulis
1049 439 1176 477 atticis
1212 439 1483 486 usitatissima,
1518 439 1653 487 paucis

156 502 420 541 tantummodo
455 503 684 547 immutatis;
729 513 850 539 annus
887 501 1116 539 Timocratis
1158 501 1352 540 archontis
1395 502 1468 540 fuit
1507 502 1654 550 primus

152 563 210 602 Ol.
243 570 314 604 104
343 566 402 610 (=
433 568 575 609 364s63
606 576 639 603 a.
670 563 758 602 Chr.
786 567 857 611 n.);
889 564 1064 602 archonti
1093 565 1308 603 atheniensi
1345 565 1481 604 deliaci
1517 576 1655 603 nomen

151 639 198 666 ex
226 628 502 676 antiquissimis
531 627 768 675 temporibus
790 627 947 674 adiungi
977 628 1131 665 solitum
1152 639 1236 666 esse
1257 640 1334 666 non
1355 633 1424 675 est,
1454 628 1558 676 quod
1577 639 1654 666 mo-

151 702 275 730 neam.
329 691 455 730 Multo
483 693 637 739 gravius
667 695 737 737 est,
767 691 869 739 quod
898 703 945 729 ex
973 692 1046 729 hoc
1075 691 1240 740 denique
1268 692 1380 730 titulo
1400 692 1656 739 intellegimus

153 754 445 792 Atheniensium
473 754 761 802 amphictyones
782 766 858 792 non
887 766 956 793 suo
986 755 1147 793 arbitrio
1176 767 1238 793 res
1266 756 1400 803 templi
1430 766 1562 793 sacras
1591 754 1656 792 ad-

152 818 410 864 ministrasse,
448 818 516 856 sed
543 817 742 855 Deliorum
771 821 809 855 et
835 818 1124 866 magistratibus
1154 818 1425 856 adiuvantibus
1455 822 1493 855 et
1520 821 1656 855 senatu

151 881 324 918 rationes
351 880 553 928 probante.
609 881 707 919 Nam
737 880 894 919 dubium
923 892 998 919 non
1028 886 1104 929 est,
1135 883 1226 930 quin
1256 882 1468 930 Apaturius
1497 883 1656 930 eiusque

151 943 323 991 collegae
352 944 430 981 sint
458 944 686 991 magistratu
714 942 836 981 functi
865 955 922 990 eo,
953 956 1066 992 quem
1086 946 1228 982 scimus
1247 946 1463 993 posteriore
1484 948 1656 992 tempore

156 1017 340 1043 summam
360 1006 399 1043 in
418 1006 534 1044 rebus
556 1007 675 1044 sacris
696 1006 1012 1045 administrandis
1033 1008 1244 1046 obtinuisse
1264 1011 1510 1056 potestatem.
1550 1008 1656 1054 Quae

152 1072 280 1107 autem
308 1067 426 1106 fuerit
454 1067 653 1116 ἱεροποιῶν
681 1069 816 1108 horum
845 1070 1018 1108 condicio
1039 1071 1341 1108 Atheniensibus
1371 1070 1657 1108 dominantibus

156 1142 332 1180 quaeque
360 1132 571 1170 auctoritas
593 1136 631 1170 et
652 1144 783 1171 eorum
805 1137 842 1171 et
863 1138 1031 1181 senatus,
1061 1133 1235 1181 dignosci
1258 1146 1334 1172 non
1352 1137 1492 1181 potest.
1532 1133 1656 1171 Credo

156 1207 234 1234 non
271 1195 374 1233 aliud
409 1194 526 1234 fuisse
563 1208 694 1234 eorum
729 1208 887 1243 munus,
923 1198 995 1235 nisi
1032 1198 1135 1245 quod
1169 1209 1306 1235 nomen
1341 1197 1466 1244 ipsum
1500 1196 1657 1242 indicat,

152 1261 198 1296 ut
225 1257 416 1296 sacrificia
443 1259 612 1306 Apollini
641 1259 800 1307 deisque
830 1260 1003 1308 reliquis,
1041 1261 1105 1308 qui
1134 1260 1288 1308 publice
1317 1259 1555 1306 colebantur,
1583 1260 1657 1296 rite

151 1319 330 1359 facienda
357 1326 540 1360 curarent
568 1325 606 1360 et
633 1322 767 1370 populi
795 1320 1013 1370 ἑστιάσεις,
1050 1334 1148 1371 quae
1178 1323 1369 1369 dicuntur,
1398 1323 1657 1359 instituerent.

150 1384 288 1432 Neque
315 1384 398 1422 leve
427 1384 500 1423 hoc
528 1383 646 1422 fuisse
676 1384 841 1423 officium
877 1386 938 1423 vel
966 1385 1054 1423 inde
1084 1389 1259 1434 apparet,
1294 1385 1396 1432 quod
1424 1385 1526 1422 Delii
1555 1384 1658 1432 apud

152 1448 317 1485 comicos
352 1459 424 1495 per
457 1447 665 1485 ludibrium
702 1448 763 1486 dei
799 1449 962 1496 parasiti
999 1449 1246 1496 appellantur
1281 1452 1318 1486 et
1351 1449 1390 1485 in
1425 1449 1567 1486 mensis
1604 1449 1658 1484 in-

153 1509 348 1556 struendis
386 1510 575 1548 excellere
610 1510 956 1558 p1·aedicantu1·.⁶⁸)
1019 1511 1132 1549 Certe
1169 1512 1308 1549 scimus
1343 1510 1461 1548 fuisse
1498 1510 1658 1548 Athenis

155 1572 325 1611 eiusdem
353 1573 518 1610 nominis
547 1574 804 1621 magistratus,
837 1575 903 1621 qui
931 1586 950 1611 e
980 1574 1138 1621 singulis
1159 1574 1336 1611 tribubus
1366 1574 1505 1621 singuli
1534 1575 1574 1610 in
1594 1584 1658 1611 an-

151 1646 240 1674 num
278 1635 511 1673 creabantur
545 1647 621 1673 11011
658 1647 681 1674 a
715 1637 878 1684 populo,
913 1637 981 1675 sed
1017 1649 1039 1674 a
1068 1637 1264 1683 senatu69)
1304 1637 1494 1684 similique
1529 1635 1659 1683 funge-

154 1698 296 1737 bantur
325 1697 464 1745 officio‚
494 1701 536 1735 ut
557 1698 664 1735 verbi
685 1709 803 1736 causa
823 1699 1076 1737 hecatomben
1104 1700 1423 1747 panathenaicam
1448 1710 1522 1736 non
1543 1699 1659 1735 sacri-

152 1760 314 1800 ficarent
347 1784 397 1789 —
431 1761 503 1799 hoc
540 1766 624 1799 erat
658 1762 870 1800 sacerdotis
901 1763 1074 1800 Athenae
1105 1763 1277 1801 Poliadis
1306 1784 1374 1808 —-‚
1415 1766 1455 1799 at
1483 1761 1661 1809 provide-

153 1828 252 1872 rent,
262 1825 310 1872 ⁷⁰)
332 1836 455 1873 neque
476 1824 637 1862 Athenis
658 1826 792 1871 solum,
815 1826 882 1863 sed
903 1827 1016 1863 etiam
1037 1825 1262 1873 Mch11i‚⁷¹)
1284 1823 1423 1871 Tei,⁷2)
1446 1823 1659 1869 Cami1·i‚7³)

153 1887 238 1926 aliis
267 1888 306 1925 in
335 1887 554 1925 civitatibus
575 1888 822 1925 inveniuntur
847 1899 891 1925 ac
911 1900 1062 1936 semper
1091 1889 1211 1925 sacris
1240 1886 1429 1924 faciundis
1458 1891 1657 1934 praesunt.

154 1950 275 1996 Quam
309 1949 356 1988 ob
392 1960 545 1987 causam
582 1952 675 1996 puto
711 1949 938 1997 hieropoeos
974 1949 1142 1987 deliacos
1178 1949 1227 1988 ad
1263 1949 1509 1987 traditionem
1546 1951 1660 1987 etiam

153 2023 280 2050 rerum
310 2023 506 2050 sacrarum
535 2012 584 2050 ab
613 2012 948 2060 amphictyonibus
979 2012 1172 2051 adhibitos
1203 2026 1307 2060 esse,
1346 2018 1386 2051 ut
1416 2025 1534 2061 penes
1565 2025 1660 2061 quos

155 2078 260 2113 esset
287 2078 370 2113 tota
398 2076 572 2124 supellex
601 2076 733 2123 templi
762 2076 811 2114 ad
840 2075 1028 2113 sacrificia
1058 2075 1235 2114 facienda
1263 2077 1499 2114 necessaria:
1530 2077 1568 2113 in
1597 2088 1660 2123 pe-

154 2138 278 2175 cuniis
309 2138 408 2175 enim
437 2137 499 2176 dei
534 2138 850 2177 administrandis
889 2138 1095 2187 fundisque
1125 2139 1298 2177 locandis
1327 2140 1433 2177 nulla
1462 2139 1501 2176 fit
1531 2151 1659 2177 eorum

155 2201 315 2248 mentio,
353 2205 537 2249 quantum
575 2201 726 2250 quidem
764 2202 874 2239 nobis
913 2207 970 2239 est
1007 2206 1137 2240 notum
1172 2225 1221 2229 -
1258 2214 1327 2250 per
1362 2214 1402 2240 se
1431 2204 1536 2250 ipsos
1566 2202 1661 2240 haec

155 2275 270 2311 agere
299 2267 341 2300 ut
368 2264 516 2303 maiora
542 2264 798 2303 Athenienses
828 2265 1006 2303 videntur
1035 2266 1227 2303 maluisse.
1287 2266 1388 2312 Quot
1417 2270 1545 2303 autem
1583 2264 1661 2303 fue-

154 2327 233 2364 rint
267 2326 464 2375 hieropoei
498 2327 605 2374 Deli,
642 2339 718 2365 non
752 2332 859 2374 patet
897 2340 915 2365 e
953 2333 1085 2366 nostro
1114 2328 1246 2374 titulo,
1283 2328 1350 2366 sed
1387 2329 1478 2376 quin
1512 2328 1661 2366 duobus

245 2487 292 2530 ⁶⁸)
317 2487 448 2522 Athen.
474 2486 535 2530 IV,
561 2496 593 2530 p.
618 2485 873 2521 17213-1730.
1015 2487 1063 2529 69)
1087 2484 1200 2531 Ἁινή».
1216 2487 1275 2522 VI.
1304 2490 1429 2531 11.-182,

247 2545 293 2588 ⁷⁰)
319 2544 390 2579 Cfr.
405 2549 636 2587 quaestorum
649 2543 833 2578 Minervae
859 2542 1028 2580 rationes,
1056 2542 1258 2588 Glaucippo
1286 2545 1456 2579 archonte
1483 2544 1658 2578 redditas:

157 2600 194 2636 C.
208 2600 235 2635 Ι.
249 2601 292 2636 Α.
318 2601 350 2645 Ι,
382 2603 455 2645 188,
480 2601 541 2635 lin.
559 2603 580 2636 6
628 2604 666 2642 73
700 2601 845 2635 maioris
870 2601 1021 2636 fortasse
1048 2602 1216 2636 momenti
1243 2602 1350 2637 etiam
1377 2609 1429 2637 est
1457 2602 1500 2636 ad
1536 2613 1662 2636 1111111115

157 2668 278 2694 eorum
303 2658 587 2702 cognoscendum
613 2658 756 2693 titulus:
784 2658 819 2692 C.
837 2658 860 2691 l.
878 2659 920 2692 A.
947 2659 992 2703 ΙΙ,
1023 2661 1095 2694 163.
1252 2660 1294 2697 ⁷¹12
1319 2657 1434 2704 Ἀιῖήν.
1463 2659 1505 2702 11,
1534 2671 1565 2702 p.
1585 2661 1661 2693 237.

247 2715 293 2759 ⁷²)
318 2715 369 2750 Le
394 2714 620 2751 Bas-Wadd.
647 2715 839 2751 Asie-Min.
867 2726 898 2749 11.
916 2718 970 2750 88.
1120 2717 1162 2760 ῑ3)
1189 2716 1280 2751 Bull.
1308 2716 1339 2750 d.
1367 2716 1464 2750 Corr.
1492 2715 1583 2750 Hell.
1603 2716 1662 2752 IV.

157 2783 191 2818 p.
213 2775 286 2808 144.
