<?xml version="1.0" encoding="UTF-8"?>
<!DOCTYPE html PUBLIC "-//W3C//DTD XHTML 1.0 Transitional//EN"
    "http://www.w3.org/TR/xhtml1/DTD/xhtml1-transitional.dtd">
<html xmlns="http://www.w3.org/1999/xhtml" xml:lang="en" lang="en">
 <head>
  <title>
</title>
<meta http-equiv="Content-Type" content="text/html;charset=utf-8" />
  <meta name='ocr-system' content='tesseract 3.04.00' />
  <meta name='ocr-capabilities' content='ocr_page ocr_carea ocr_par ocr_line ocrx_word'/>
</head>
<body>
  <div class='ocr_page' id='page_1' title='image "./dedeliinsulaereb00scho_0076.png"; bbox 0 0 1957 3326; ppageno 0'>
   <div class='ocr_carea' id='block_1_1' title="bbox 946 307 1223 348">
    <p class='ocr_par' dir='ltr' id='par_1_1' title="bbox 946 307 1223 348">
     <span class='ocr_line' id='line_1_1' title="bbox 946 307 1223 348; baseline 0.004 -13"><span class='ocrx_word' id='word_1_1' title='bbox 946 307 1223 348; x_wconf 71' lang='lat'>..64—</span> 
     </span>
    </p>
   </div>
   <div class='ocr_carea' id='block_1_2' title="bbox 329 429 1835 1847">
    <p class='ocr_par' dir='ltr' id='par_1_2' title="bbox 333 429 1833 539">
     <span class='ocr_line' id='line_1_2' title="bbox 333 429 1828 479; baseline 0.003 -14"><span class='ocrx_word' id='word_1_2' title='bbox 333 431 466 475; x_wconf 79' lang='lat' dir='ltr'>cimus,</span> <span class='ocrx_word' id='word_1_3' title='bbox 495 441 579 466; x_wconf 89' lang='lat' dir='ltr'>esse</span> <span class='ocrx_word' id='word_1_4' title='bbox 610 434 707 467; x_wconf 85' lang='lat'>2200</span> <span class='ocrx_word' id='word_1_5' title='bbox 728 429 784 466; x_wconf 87' lang='lat' dir='ltr'>dr.</span> <span class='ocrx_word' id='word_1_6' title='bbox 815 441 1017 467; x_wconf 87' lang='lat' dir='ltr'>usurarum</span> <span class='ocrx_word' id='word_1_7' title='bbox 1055 430 1206 467; x_wconf 87' lang='lat' dir='ltr'>nomine</span> <span class='ocrx_word' id='word_1_8' title='bbox 1237 431 1441 477; x_wconf 78' lang='lat' dir='ltr'>quotannis</span> <span class='ocrx_word' id='word_1_9' title='bbox 1461 441 1601 478; x_wconf 90' lang='lat' dir='ltr'>pensas</span> <span class='ocrx_word' id='word_1_10' title='bbox 1629 434 1828 479; x_wconf 80' lang='lat' dir='ltr'>totumque</span> 
     </span>
     <span class='ocr_line' id='line_1_3' title="bbox 335 491 1833 539; baseline 0.001 -12"><span class='ocrx_word' id='word_1_11' title='bbox 335 502 400 528; x_wconf 76' lang='lat' dir='ltr'>aes</span> <span class='ocrx_word' id='word_1_12' title='bbox 420 492 583 529; x_wconf 87' lang='lat' dir='ltr'>alienum</span> <span class='ocrx_word' id='word_1_13' title='bbox 606 503 628 529; x_wconf 93' lang='lat' dir='ltr'>a</span> <span class='ocrx_word' id='word_1_14' title='bbox 648 492 806 539; x_wconf 81' lang='lat' dir='ltr'>privatis</span> <span class='ocrx_word' id='word_1_15' title='bbox 827 495 1065 529; x_wconf 83' lang='lat' dir='ltr'>contractum</span> <span class='ocrx_word' id='word_1_16' title='bbox 1086 491 1202 529; x_wconf 78' lang='lat' dir='ltr'>fuisse</span> <span class='ocrx_word' id='word_1_17' title='bbox 1229 497 1353 530; x_wconf 88' lang='grc'>22000</span> <span class='ocrx_word' id='word_1_18' title='bbox 1371 492 1427 530; x_wconf 90' lang='lat' dir='ltr'>dr.</span> <span class='ocrx_word' id='word_1_19' title='bbox 1450 493 1508 530; x_wconf 89' lang='lat' dir='ltr'>vel</span> <span class='ocrx_word' id='word_1_20' title='bbox 1529 498 1550 531; x_wconf 83' lang='lat'>3</span> <span class='ocrx_word' id='word_1_21' title='bbox 1574 493 1639 531; x_wconf 88' lang='lat' dir='ltr'>tal.</span> <span class='ocrx_word' id='word_1_22' title='bbox 1661 498 1761 533; x_wconf 85' lang='lat'>4000</span> <span class='ocrx_word' id='word_1_23' title='bbox 1777 493 1833 530; x_wconf 89' lang='lat' dir='ltr'>dr.</span> 
     </span>
    </p>

    <p class='ocr_par' dir='ltr' id='par_1_3' title="bbox 332 554 1835 851">
     <span class='ocr_line' id='line_1_4' title="bbox 438 554 1835 604; baseline 0.003 -14"><span class='ocrx_word' id='word_1_24' title='bbox 438 554 571 601; x_wconf 83' lang='lat' dir='ltr'>Itaque</span> <span class='ocrx_word' id='word_1_25' title='bbox 600 555 846 601; x_wconf 69' lang='lat' dir='ltr'>pecuniarum</span> <span class='ocrx_word' id='word_1_26' title='bbox 878 555 1042 591; x_wconf 88' lang='lat' dir='ltr'>omnium</span> <span class='ocrx_word' id='word_1_27' title='bbox 1072 554 1155 600; x_wconf 82' lang='lat' dir='ltr'>dei,</span> <span class='ocrx_word' id='word_1_28' title='bbox 1193 566 1293 602; x_wconf 90' lang='lat' dir='ltr'>quae</span> <span class='ocrx_word' id='word_1_29' title='bbox 1323 559 1389 592; x_wconf 89' lang='lat' dir='ltr'>aut</span> <span class='ocrx_word' id='word_1_30' title='bbox 1417 555 1636 593; x_wconf 85' lang='lat' dir='ltr'>civitatibus</span> <span class='ocrx_word' id='word_1_31' title='bbox 1664 559 1731 594; x_wconf 87' lang='lat' dir='ltr'>aut</span> <span class='ocrx_word' id='word_1_32' title='bbox 1758 556 1835 604; x_wconf 86' lang='lat' dir='ltr'>pri-</span> 
     </span>
     <span class='ocr_line' id='line_1_5' title="bbox 333 615 1833 665; baseline 0.001 -13"><span class='ocrx_word' id='word_1_33' title='bbox 333 616 429 653; x_wconf 77' lang='lat' dir='ltr'>vatis</span> <span class='ocrx_word' id='word_1_34' title='bbox 460 615 674 653; x_wconf 84' lang='lat' dir='ltr'>hominibus</span> <span class='ocrx_word' id='word_1_35' title='bbox 705 621 858 654; x_wconf 77' lang='lat' dir='ltr'>mutuae</span> <span class='ocrx_word' id='word_1_36' title='bbox 890 616 1003 654; x_wconf 79' lang='lat' dir='ltr'>datae</span> <span class='ocrx_word' id='word_1_37' title='bbox 1033 620 1155 663; x_wconf 85' lang='lat' dir='ltr'>erant,</span> <span class='ocrx_word' id='word_1_38' title='bbox 1186 628 1367 655; x_wconf 89' lang='lat' dir='ltr'>summam</span> <span class='ocrx_word' id='word_1_39' title='bbox 1397 622 1662 665; x_wconf 89' lang='lat' dir='ltr'>computamus</span> <span class='ocrx_word' id='word_1_40' title='bbox 1690 619 1737 655; x_wconf 78' lang='lat'>47</span> <span class='ocrx_word' id='word_1_41' title='bbox 1767 618 1833 656; x_wconf 88' lang='lat' dir='ltr'>tal.</span> 
     </span>
     <span class='ocr_line' id='line_1_6' title="bbox 333 677 1834 727; baseline 0.004 -15"><span class='ocrx_word' id='word_1_42' title='bbox 333 677 462 724; x_wconf 83' lang='lat' dir='ltr'>paullo</span> <span class='ocrx_word' id='word_1_43' title='bbox 499 679 678 715; x_wconf 78' lang='lat' dir='ltr'>maiorem</span> <span class='ocrx_word' id='word_1_44' title='bbox 717 681 780 724; x_wconf 80' lang='lat'>(47</span> <span class='ocrx_word' id='word_1_45' title='bbox 801 679 868 716; x_wconf 85' lang='lat' dir='ltr'>tal.</span> <span class='ocrx_word' id='word_1_46' title='bbox 900 685 973 717; x_wconf 82' lang='lat'>600</span> <span class='ocrx_word' id='word_1_47' title='bbox 994 678 1086 725; x_wconf 65' lang='lat' dir='ltr'>dn),</span> <span class='ocrx_word' id='word_1_48' title='bbox 1125 679 1202 726; x_wconf 86' lang='lat' dir='ltr'>vel,</span> <span class='ocrx_word' id='word_1_49' title='bbox 1237 680 1267 717; x_wconf 89' lang='lat' dir='ltr'>si</span> <span class='ocrx_word' id='word_1_50' title='bbox 1304 681 1491 727; x_wconf 82' lang='lat' dir='ltr'>quaedam</span> <span class='ocrx_word' id='word_1_51' title='bbox 1527 680 1767 718; x_wconf 85' lang='lat' dir='ltr'>intercidisse</span> <span class='ocrx_word' id='word_1_52' title='bbox 1796 682 1834 718; x_wconf 91' lang='lat' dir='ltr'>iu</span> 
     </span>
     <span class='ocr_line' id='line_1_7' title="bbox 332 740 1833 791; baseline 0.002 -15"><span class='ocrx_word' id='word_1_53' title='bbox 332 740 479 777; x_wconf 76' lang='lat' dir='ltr'>lacunis</span> <span class='ocrx_word' id='word_1_54' title='bbox 514 746 756 788; x_wconf 87' lang='lat' dir='ltr'>reputamus,</span> <span class='ocrx_word' id='word_1_55' title='bbox 793 742 841 779; x_wconf 91' lang='lat' dir='ltr'>ad</span> <span class='ocrx_word' id='word_1_56' title='bbox 880 748 927 780; x_wconf 80' lang='lat'>50</span> <span class='ocrx_word' id='word_1_57' title='bbox 956 743 1103 780; x_wconf 85' lang='lat' dir='ltr'>talenta</span> <span class='ocrx_word' id='word_1_58' title='bbox 1139 742 1223 788; x_wconf 81' lang='lat' dir='ltr'>(sed</span> <span class='ocrx_word' id='word_1_59' title='bbox 1258 743 1363 781; x_wconf 91' lang='lat' dir='ltr'>nullo</span> <span class='ocrx_word' id='word_1_60' title='bbox 1392 743 1506 781; x_wconf 92' lang='lat' dir='ltr'>modo</span> <span class='ocrx_word' id='word_1_61' title='bbox 1534 743 1714 791; x_wconf 87' lang='lat' dir='ltr'>amplius)</span> <span class='ocrx_word' id='word_1_62' title='bbox 1751 753 1833 780; x_wconf 85' lang='lat' dir='ltr'>eam</span> 
     </span>
     <span class='ocr_line' id='line_1_8' title="bbox 333 804 779 851; baseline 0.002 -13"><span class='ocrx_word' id='word_1_63' title='bbox 333 804 536 840; x_wconf 75' lang='lat' dir='ltr'>aestimare</span> <span class='ocrx_word' id='word_1_64' title='bbox 565 815 779 851; x_wconf 88' lang='lat' dir='ltr'>possumus.</span> 
     </span>
    </p>

    <p class='ocr_par' dir='ltr' id='par_1_4' title="bbox 329 865 1834 1847">
     <span class='ocr_line' id='line_1_9' title="bbox 437 865 1834 916; baseline 0.001 -14"><span class='ocrx_word' id='word_1_65' title='bbox 437 865 612 903; x_wconf 90' lang='lat' dir='ltr'>Secundo</span> <span class='ocrx_word' id='word_1_66' title='bbox 647 866 730 904; x_wconf 90' lang='lat' dir='ltr'>loco</span> <span class='ocrx_word' id='word_1_67' title='bbox 759 867 997 904; x_wconf 86' lang='lat' dir='ltr'>recensenda</span> <span class='ocrx_word' id='word_1_68' title='bbox 1032 871 1142 913; x_wconf 86' lang='lat' dir='ltr'>sunt,</span> <span class='ocrx_word' id='word_1_69' title='bbox 1179 878 1277 914; x_wconf 89' lang='lat' dir='ltr'>quae</span> <span class='ocrx_word' id='word_1_70' title='bbox 1312 878 1382 914; x_wconf 92' lang='lat' dir='ltr'>pro</span> <span class='ocrx_word' id='word_1_71' title='bbox 1416 867 1586 915; x_wconf 86' lang='lat' dir='ltr'>praediis</span> <span class='ocrx_word' id='word_1_72' title='bbox 1619 867 1753 916; x_wconf 87' lang='lat' dir='ltr'>templi</span> <span class='ocrx_word' id='word_1_73' title='bbox 1780 867 1834 905; x_wconf 94' lang='lat' dir='ltr'>lo-</span> 
     </span>
     <span class='ocr_line' id='line_1_10' title="bbox 333 928 1834 976; baseline 0.001 -12"><span class='ocrx_word' id='word_1_74' title='bbox 333 929 429 964; x_wconf 84' lang='lat' dir='ltr'>catis</span> <span class='ocrx_word' id='word_1_75' title='bbox 459 929 664 976; x_wconf 84' lang='lat' dir='ltr'>quotannis</span> <span class='ocrx_word' id='word_1_76' title='bbox 694 928 910 966; x_wconf 85' lang='lat' dir='ltr'>redierunt:</span> <span class='ocrx_word' id='word_1_77' title='bbox 948 929 1098 966; x_wconf 91' lang='lat' dir='ltr'>duobus</span> <span class='ocrx_word' id='word_1_78' title='bbox 1133 929 1228 966; x_wconf 86' lang='lat' dir='ltr'>haec</span> <span class='ocrx_word' id='word_1_79' title='bbox 1263 929 1366 967; x_wconf 90' lang='lat' dir='ltr'>tituli</span> <span class='ocrx_word' id='word_1_80' title='bbox 1394 931 1517 967; x_wconf 84' lang='lat' dir='ltr'>nostri</span> <span class='ocrx_word' id='word_1_81' title='bbox 1553 930 1646 968; x_wconf 88' lang='lat' dir='ltr'>locis</span> <span class='ocrx_word' id='word_1_82' title='bbox 1681 933 1834 968; x_wconf 85' lang='lat' dir='ltr'>exstant</span> 
     </span>
     <span class='ocr_line' id='line_1_11' title="bbox 332 991 1834 1040; baseline 0.002 -14"><span class='ocrx_word' id='word_1_83' title='bbox 332 991 620 1039; x_wconf 49' lang='lat' dir='ltr'>perscriptam)</span> <span class='ocrx_word' id='word_1_84' title='bbox 651 992 730 1038; x_wconf 85' lang='lat' dir='ltr'>sed,</span> <span class='ocrx_word' id='word_1_85' title='bbox 761 993 862 1040; x_wconf 90' lang='lat' dir='ltr'>quod</span> <span class='ocrx_word' id='word_1_86' title='bbox 893 993 1054 1030; x_wconf 81' lang='lat' dir='ltr'>maxime</span> <span class='ocrx_word' id='word_1_87' title='bbox 1083 993 1246 1037; x_wconf 82' lang='lat' dir='ltr'>mireris,</span> <span class='ocrx_word' id='word_1_88' title='bbox 1275 993 1341 1039; x_wconf 88' lang='lat' dir='ltr'>ita,</span> <span class='ocrx_word' id='word_1_89' title='bbox 1369 996 1412 1030; x_wconf 87' lang='lat' dir='ltr'>ut</span> <span class='ocrx_word' id='word_1_90' title='bbox 1446 1004 1522 1031; x_wconf 90' lang='lat' dir='ltr'>non</span> <span class='ocrx_word' id='word_1_91' title='bbox 1549 993 1650 1030; x_wconf 91' lang='lat' dir='ltr'>inter</span> <span class='ocrx_word' id='word_1_92' title='bbox 1677 1003 1717 1031; x_wconf 92' lang='lat' dir='ltr'>se</span> <span class='ocrx_word' id='word_1_93' title='bbox 1745 1003 1834 1030; x_wconf 90' lang='lat' dir='ltr'>con-</span> 
     </span>
     <span class='ocr_line' id='line_1_12' title="bbox 332 1054 1833 1103; baseline 0.001 -12"><span class='ocrx_word' id='word_1_94' title='bbox 332 1056 472 1091; x_wconf 87' lang='lat' dir='ltr'>cinant.</span> <span class='ocrx_word' id='word_1_95' title='bbox 521 1055 616 1093; x_wconf 80' lang='lat' dir='ltr'>Nam</span> <span class='ocrx_word' id='word_1_96' title='bbox 647 1067 691 1093; x_wconf 89' lang='lat' dir='ltr'>eo</span> <span class='ocrx_word' id='word_1_97' title='bbox 720 1055 895 1102; x_wconf 85' lang='lat' dir='ltr'>biennio,</span> <span class='ocrx_word' id='word_1_98' title='bbox 925 1067 1000 1103; x_wconf 92' lang='lat' dir='ltr'>quo</span> <span class='ocrx_word' id='word_1_99' title='bbox 1030 1055 1183 1093; x_wconf 87' lang='lat' dir='ltr'>fuerunt</span> <span class='ocrx_word' id='word_1_100' title='bbox 1215 1055 1476 1094; x_wconf 88' lang='lat' dir='ltr'>Charisander</span> <span class='ocrx_word' id='word_1_101' title='bbox 1503 1058 1542 1093; x_wconf 92' lang='lat' dir='ltr'>et</span> <span class='ocrx_word' id='word_1_102' title='bbox 1569 1054 1833 1102; x_wconf 80' lang='lat' dir='ltr'>Hippodamas</span> 
     </span>
     <span class='ocr_line' id='line_1_13' title="bbox 331 1117 1833 1165; baseline 0.001 -12"><span class='ocrx_word' id='word_1_103' title='bbox 331 1117 554 1164; x_wconf 78' lang='lat' dir='ltr'>archontes,</span> <span class='ocrx_word' id='word_1_104' title='bbox 590 1129 729 1165; x_wconf 86' lang='lat' dir='ltr'>pensas</span> <span class='ocrx_word' id='word_1_105' title='bbox 765 1117 934 1155; x_wconf 82' lang='lat' dir='ltr'>videmus</span> <span class='ocrx_word' id='word_1_106' title='bbox 963 1130 1032 1165; x_wconf 88' lang='lat' dir='ltr'>pro</span> <span class='ocrx_word' id='word_1_107' title='bbox 1061 1117 1188 1155; x_wconf 92' lang='lat' dir='ltr'>fundis</span> <span class='ocrx_word' id='word_1_108' title='bbox 1218 1118 1399 1156; x_wconf 85' lang='lat' dir='ltr'>Rheneae</span> <span class='ocrx_word' id='word_1_109' title='bbox 1430 1119 1513 1156; x_wconf 88' lang='lat' dir='ltr'>sitis</span> <span class='ocrx_word' id='word_1_110' title='bbox 1541 1139 1590 1145; x_wconf 93' lang='lat'>——</span> <span class='ocrx_word' id='word_1_111' title='bbox 1624 1122 1745 1157; x_wconf 88' lang='grc'>13220</span> <span class='ocrx_word' id='word_1_112' title='bbox 1774 1118 1833 1156; x_wconf 89' lang='lat' dir='ltr'>dr.</span> 
     </span>
     <span class='ocr_line' id='line_1_14' title="bbox 332 1180 1834 1229; baseline 0.001 -12"><span class='ocrx_word' id='word_1_113' title='bbox 332 1180 389 1217; x_wconf 81' lang='lat' dir='ltr'>vel</span> <span class='ocrx_word' id='word_1_114' title='bbox 429 1181 634 1228; x_wconf 86' lang='lat' dir='ltr'>quotannis</span> <span class='ocrx_word' id='word_1_115' title='bbox 672 1185 770 1218; x_wconf 88' lang='grc'>6610</span> <span class='ocrx_word' id='word_1_116' title='bbox 790 1180 869 1227; x_wconf 89' lang='lat' dir='ltr'>dr.,</span> <span class='ocrx_word' id='word_1_117' title='bbox 906 1193 976 1228; x_wconf 91' lang='lat' dir='ltr'>pro</span> <span class='ocrx_word' id='word_1_118' title='bbox 1005 1182 1107 1229; x_wconf 86' lang='lat' dir='ltr'>agris</span> <span class='ocrx_word' id='word_1_119' title='bbox 1143 1180 1301 1219; x_wconf 86' lang='lat' dir='ltr'>deliacis</span> <span class='ocrx_word' id='word_1_120' title='bbox 1330 1203 1379 1209; x_wconf 91' lang='lat'>——</span> <span class='ocrx_word' id='word_1_121' title='bbox 1408 1185 1507 1219; x_wconf 87' lang='lat'>2484</span> <span class='ocrx_word' id='word_1_122' title='bbox 1527 1180 1602 1228; x_wconf 90' lang='lat' dir='ltr'>dr.,</span> <span class='ocrx_word' id='word_1_123' title='bbox 1637 1180 1697 1219; x_wconf 89' lang='lat' dir='ltr'>vel</span> <span class='ocrx_word' id='word_1_124' title='bbox 1725 1184 1834 1228; x_wconf 88' lang='lat' dir='ltr'>quot-</span> 
     </span>
     <span class='ocr_line' id='line_1_15' title="bbox 331 1243 1833 1292; baseline 0 -12"><span class='ocrx_word' id='word_1_125' title='bbox 331 1245 441 1281; x_wconf 85' lang='lat' dir='ltr'>annis</span> <span class='ocrx_word' id='word_1_126' title='bbox 467 1249 562 1281; x_wconf 83' lang='grc'>1242</span> <span class='ocrx_word' id='word_1_127' title='bbox 584 1243 660 1288; x_wconf 84' lang='lat' dir='ltr'>dr.;</span> <span class='ocrx_word' id='word_1_128' title='bbox 689 1255 789 1281; x_wconf 89' lang='lat' dir='ltr'>anno</span> <span class='ocrx_word' id='word_1_129' title='bbox 810 1255 913 1290; x_wconf 92' lang='lat' dir='ltr'>vero,</span> <span class='ocrx_word' id='word_1_130' title='bbox 943 1245 1008 1291; x_wconf 92' lang='lat' dir='ltr'>qui</span> <span class='ocrx_word' id='word_1_131' title='bbox 1036 1244 1265 1292; x_wconf 83' lang='lat' dir='ltr'>insequitur,</span> <span class='ocrx_word' id='word_1_132' title='bbox 1286 1243 1499 1282; x_wconf 89' lang='lat' dir='ltr'>Socratidis</span> <span class='ocrx_word' id='word_1_133' title='bbox 1526 1243 1722 1282; x_wconf 86' lang='lat' dir='ltr'>archontis</span> <span class='ocrx_word' id='word_1_134' title='bbox 1751 1243 1833 1281; x_wconf 91' lang='lat' dir='ltr'>illo-</span> 
     </span>
     <span class='ocr_line' id='line_1_16' title="bbox 333 1305 1833 1355; baseline 0 -12"><span class='ocrx_word' id='word_1_135' title='bbox 333 1318 414 1343; x_wconf 88' lang='lat' dir='ltr'>rum</span> <span class='ocrx_word' id='word_1_136' title='bbox 432 1318 579 1344; x_wconf 86' lang='lat' dir='ltr'>merces</span> <span class='ocrx_word' id='word_1_137' title='bbox 598 1306 671 1344; x_wconf 86' lang='lat' dir='ltr'>fuit</span> <span class='ocrx_word' id='word_1_138' title='bbox 687 1306 952 1344; x_wconf 83' lang='lat' dir='ltr'>drachmarum</span> <span class='ocrx_word' id='word_1_139' title='bbox 971 1311 1070 1345; x_wconf 83' lang='lat'>6400</span> <span class='ocrx_word' id='word_1_140' title='bbox 1090 1305 1169 1344; x_wconf 87' lang='lat' dir='ltr'>fere</span> <span class='ocrx_word' id='word_1_141' title='bbox 1191 1312 1331 1354; x_wconf 88' lang='lat' dir='ltr'>(pauca</span> <span class='ocrx_word' id='word_1_142' title='bbox 1350 1307 1561 1354; x_wconf 89' lang='lat' dir='ltr'>perierunt,</span> <span class='ocrx_word' id='word_1_143' title='bbox 1577 1317 1676 1355; x_wconf 87' lang='lat' dir='ltr'>quae</span> <span class='ocrx_word' id='word_1_144' title='bbox 1696 1305 1833 1344; x_wconf 88' lang='lat' dir='ltr'>drach·</span> 
     </span>
     <span class='ocr_line' id='line_1_17' title="bbox 331 1368 1832 1417; baseline 0 -12"><span class='ocrx_word' id='word_1_145' title='bbox 331 1380 411 1406; x_wconf 84' lang='lat' dir='ltr'>mas</span> <span class='ocrx_word' id='word_1_146' title='bbox 441 1374 593 1407; x_wconf 86' lang='lat' dir='ltr'>centum</span> <span class='ocrx_word' id='word_1_147' title='bbox 622 1381 808 1417; x_wconf 85' lang='lat' dir='ltr'>superare</span> <span class='ocrx_word' id='word_1_148' title='bbox 845 1382 919 1408; x_wconf 90' lang='lat' dir='ltr'>non</span> <span class='ocrx_word' id='word_1_149' title='bbox 955 1372 1200 1417; x_wconf 87' lang='lat' dir='ltr'>potuerunt),</span> <span class='ocrx_word' id='word_1_150' title='bbox 1235 1369 1368 1407; x_wconf 87' lang='lat' dir='ltr'>horum</span> <span class='ocrx_word' id='word_1_151' title='bbox 1406 1373 1534 1408; x_wconf 90' lang='lat' dir='ltr'>autem</span> <span class='ocrx_word' id='word_1_152' title='bbox 1563 1391 1612 1396; x_wconf 93' lang='lat'><strong>—</strong></span> <span class='ocrx_word' id='word_1_153' title='bbox 1644 1373 1741 1407; x_wconf 88' lang='grc'>1522</span> <span class='ocrx_word' id='word_1_154' title='bbox 1761 1368 1832 1415; x_wconf 92' lang='lat' dir='ltr'>dr.,</span> 
     </span>
     <span class='ocr_line' id='line_1_18' title="bbox 331 1432 1833 1480; baseline 0.002 -13"><span class='ocrx_word' id='word_1_155' title='bbox 331 1435 371 1467; x_wconf 86' lang='lat' dir='ltr'>ut</span> <span class='ocrx_word' id='word_1_156' title='bbox 415 1432 517 1479; x_wconf 83' lang='lat' dir='ltr'>quod</span> <span class='ocrx_word' id='word_1_157' title='bbox 558 1433 595 1468; x_wconf 90' lang='lat' dir='ltr'>in</span> <span class='ocrx_word' id='word_1_158' title='bbox 637 1433 722 1469; x_wconf 89' lang='lat' dir='ltr'>unis</span> <span class='ocrx_word' id='word_1_159' title='bbox 764 1434 1026 1479; x_wconf 86' lang='lat' dir='ltr'>amitteretur,</span> <span class='ocrx_word' id='word_1_160' title='bbox 1072 1433 1111 1469; x_wconf 89' lang='lat' dir='ltr'>in</span> <span class='ocrx_word' id='word_1_161' title='bbox 1149 1433 1281 1470; x_wconf 87' lang='lat' dir='ltr'>alteris</span> <span class='ocrx_word' id='word_1_162' title='bbox 1327 1435 1643 1480; x_wconf 86' lang='lat' dir='ltr'>recuperaretur,</span> <span class='ocrx_word' id='word_1_163' title='bbox 1686 1443 1833 1470; x_wconf 88' lang='lat' dir='ltr'>summa</span> 
     </span>
     <span class='ocr_line' id='line_1_19' title="bbox 336 1493 1831 1543; baseline 0.001 -12"><span class='ocrx_word' id='word_1_164' title='bbox 336 1493 416 1532; x_wconf 83' lang='lat' dir='ltr'>sere</span> <span class='ocrx_word' id='word_1_165' title='bbox 446 1495 577 1533; x_wconf 87' lang='lat' dir='ltr'>eadem</span> <span class='ocrx_word' id='word_1_166' title='bbox 598 1499 781 1533; x_wconf 87' lang='lat' dir='ltr'>maneret.</span> <span class='ocrx_word' id='word_1_167' title='bbox 825 1495 942 1533; x_wconf 91' lang='lat' dir='ltr'>Cuius</span> <span class='ocrx_word' id='word_1_168' title='bbox 972 1496 1194 1533; x_wconf 87' lang='lat' dir='ltr'>mutationis</span> <span class='ocrx_word' id='word_1_169' title='bbox 1216 1506 1345 1542; x_wconf 86' lang='lat' dir='ltr'>eausa,</span> <span class='ocrx_word' id='word_1_170' title='bbox 1373 1495 1600 1543; x_wconf 85' lang='lat' dir='ltr'>praesertim</span> <span class='ocrx_word' id='word_1_171' title='bbox 1626 1498 1704 1534; x_wconf 91' lang='lat' dir='ltr'>tam</span> <span class='ocrx_word' id='word_1_172' title='bbox 1725 1494 1831 1532; x_wconf 86' lang='lat' dir='ltr'>brevi</span> 
     </span>
     <span class='ocr_line' id='line_1_20' title="bbox 334 1556 1831 1606; baseline 0.002 -14"><span class='ocrx_word' id='word_1_173' title='bbox 334 1558 518 1603; x_wconf 83' lang='lat' dir='ltr'>temporis</span> <span class='ocrx_word' id='word_1_174' title='bbox 548 1558 673 1604; x_wconf 87' lang='lat' dir='ltr'>spatio</span> <span class='ocrx_word' id='word_1_175' title='bbox 702 1557 963 1595; x_wconf 83' lang='lat' dir='ltr'>intercedente</span> <span class='ocrx_word' id='word_1_176' title='bbox 993 1556 1130 1604; x_wconf 88' lang='lat' dir='ltr'>factae,</span> <span class='ocrx_word' id='word_1_177' title='bbox 1165 1560 1273 1595; x_wconf 89' lang='lat' dir='ltr'>certa</span> <span class='ocrx_word' id='word_1_178' title='bbox 1299 1556 1406 1595; x_wconf 87' lang='lat' dir='ltr'>nulla</span> <span class='ocrx_word' id='word_1_179' title='bbox 1432 1558 1678 1605; x_wconf 85' lang='lat' dir='ltr'>perspicitur,</span> <span class='ocrx_word' id='word_1_180' title='bbox 1707 1569 1831 1606; x_wconf 88' lang='lat' dir='ltr'>neque</span> 
     </span>
     <span class='ocr_line' id='line_1_21' title="bbox 332 1619 1830 1669; baseline 0.003 -14"><span class='ocrx_word' id='word_1_181' title='bbox 332 1619 474 1656; x_wconf 87' lang='lat' dir='ltr'>clarior</span> <span class='ocrx_word' id='word_1_182' title='bbox 508 1630 570 1656; x_wconf 85' lang='lat' dir='ltr'>res</span> <span class='ocrx_word' id='word_1_183' title='bbox 599 1619 641 1657; x_wconf 90' lang='lat' dir='ltr'>fit</span> <span class='ocrx_word' id='word_1_184' title='bbox 675 1619 856 1657; x_wconf 86' lang='lat' dir='ltr'>adhibitis</span> <span class='ocrx_word' id='word_1_185' title='bbox 891 1621 1132 1667; x_wconf 89' lang='lat' dir='ltr'>superiorum</span> <span class='ocrx_word' id='word_1_186' title='bbox 1162 1631 1349 1658; x_wconf 87' lang='lat' dir='ltr'>annorum</span> <span class='ocrx_word' id='word_1_187' title='bbox 1382 1619 1597 1658; x_wconf 87' lang='lat' dir='ltr'>rationibus</span> <span class='ocrx_word' id='word_1_188' title='bbox 1626 1621 1701 1667; x_wconf 91' lang='lat' dir='ltr'>eis,</span> <span class='ocrx_word' id='word_1_189' title='bbox 1731 1632 1830 1669; x_wconf 91' lang='lat' dir='ltr'>quae</span> 
     </span>
     <span class='ocr_line' id='line_1_22' title="bbox 329 1681 1832 1731; baseline 0.002 -12"><span class='ocrx_word' id='word_1_190' title='bbox 329 1681 485 1720; x_wconf 88' lang='lat' dir='ltr'>Cratete</span> <span class='ocrx_word' id='word_1_191' title='bbox 521 1682 704 1720; x_wconf 88' lang='lat' dir='ltr'>archonte</span> <span class='ocrx_word' id='word_1_192' title='bbox 740 1688 829 1721; x_wconf 85' lang='lat' dir='ltr'>sunt</span> <span class='ocrx_word' id='word_1_193' title='bbox 875 1682 1193 1731; x_wconf 79' lang='lat' dir='ltr'>conscriptae.⁴¹)</span> <span class='ocrx_word' id='word_1_194' title='bbox 1249 1683 1597 1722; x_wconf 88' lang='lat' dir='ltr'>Ratiocinationem</span> <span class='ocrx_word' id='word_1_195' title='bbox 1632 1695 1755 1722; x_wconf 85' lang='lat' dir='ltr'>meam</span> <span class='ocrx_word' id='word_1_196' title='bbox 1789 1689 1832 1722; x_wconf 87' lang='lat' dir='ltr'>ut</span> 
     </span>
     <span class='ocr_line' id='line_1_23' title="bbox 330 1746 1831 1795; baseline 0.001 -12"><span class='ocrx_word' id='word_1_197' title='bbox 330 1748 451 1793; x_wconf 82' lang='lat' dir='ltr'>magis</span> <span class='ocrx_word' id='word_1_198' title='bbox 480 1747 723 1794; x_wconf 84' lang='lat' dir='ltr'>perspicuam</span> <span class='ocrx_word' id='word_1_199' title='bbox 752 1747 928 1793; x_wconf 89' lang='lat' dir='ltr'>reddam,</span> <span class='ocrx_word' id='word_1_200' title='bbox 964 1747 1133 1785; x_wconf 88' lang='lat' dir='ltr'>tabulam</span> <span class='ocrx_word' id='word_1_201' title='bbox 1163 1759 1337 1795; x_wconf 89' lang='lat' dir='ltr'>propono</span> <span class='ocrx_word' id='word_1_202' title='bbox 1367 1747 1468 1785; x_wconf 85' lang='lat' dir='ltr'>hunc</span> <span class='ocrx_word' id='word_1_203' title='bbox 1494 1748 1534 1785; x_wconf 92' lang='lat' dir='ltr'>in</span> <span class='ocrx_word' id='word_1_204' title='bbox 1561 1746 1715 1786; x_wconf 87' lang='lat' dir='ltr'>modum</span> <span class='ocrx_word' id='word_1_205' title='bbox 1743 1758 1831 1785; x_wconf 91' lang='lat' dir='ltr'>con-</span> 
     </span>
     <span class='ocr_line' id='line_1_24' title="bbox 330 1809 486 1847; baseline 0.006 -2"><span class='ocrx_word' id='word_1_206' title='bbox 330 1809 486 1847; x_wconf 82' lang='lat' dir='ltr'>sectam:</span> 
     </span>
    </p>
   </div>
   <div class='ocr_carea' id='block_1_3' title="bbox 383 1871 1592 1972">
    <p class='ocr_par' dir='ltr' id='par_1_5' title="bbox 383 1871 1592 1972">
     <span class='ocr_line' id='line_1_25' title="bbox 535 1871 1536 1911; baseline 0.003 -3"><span class='ocrx_word' id='word_1_207' title='bbox 535 1871 736 1909; x_wconf 87' lang='lat' dir='ltr'>Mercedes</span> <span class='ocrx_word' id='word_1_208' title='bbox 1000 1871 1155 1910; x_wconf 89' lang='lat' dir='ltr'>Cratete</span> <span class='ocrx_word' id='word_1_209' title='bbox 1275 1872 1536 1911; x_wconf 87' lang='lat' dir='ltr'>Charisandro</span> 
     </span>
     <span class='ocr_line' id='line_1_26' title="bbox 383 1923 1592 1972; baseline 0.002 -12"><span class='ocrx_word' id='word_1_210' title='bbox 383 1935 402 1960; x_wconf 90' lang='lat' dir='ltr'>e</span> <span class='ocrx_word' id='word_1_211' title='bbox 433 1923 622 1960; x_wconf 87' lang='lat' dir='ltr'>locatione</span> <span class='ocrx_word' id='word_1_212' title='bbox 651 1927 858 1970; x_wconf 86' lang='lat' dir='ltr'>perceptae</span> <span class='ocrx_word' id='word_1_213' title='bbox 985 1923 1168 1962; x_wconf 88' lang='lat' dir='ltr'>archonte</span> <span class='ocrx_word' id='word_1_214' title='bbox 1224 1928 1262 1962; x_wconf 87' lang='lat' dir='ltr'>et</span> <span class='ocrx_word' id='word_1_215' title='bbox 1281 1924 1592 1972; x_wconf 87' lang='lat' dir='ltr'>Hippodamante</span> 
     </span>
    </p>
   </div>
   <div class='ocr_carea' id='block_1_4' title="bbox 329 1984 1817 2094">
    <p class='ocr_par' dir='ltr' id='par_1_6' title="bbox 329 1984 1817 2094">
     <span class='ocr_line' id='line_1_27' title="bbox 329 1984 1815 2026; baseline 0 -4"><span class='ocrx_word' id='word_1_216' title='bbox 329 1984 532 2023; x_wconf 86' lang='lat' dir='ltr'>fundorum</span> <span class='ocrx_word' id='word_1_217' title='bbox 562 1986 762 2023; x_wconf 81' lang='lat' dir='ltr'>Rhcneae:</span> <span class='ocrx_word' id='word_1_218' title='bbox 992 1989 1090 2024; x_wconf 83' lang='grc'>7110</span> <span class='ocrx_word' id='word_1_219' title='bbox 1108 1986 1163 2023; x_wconf 91' lang='lat' dir='ltr'>dr.</span> <span class='ocrx_word' id='word_1_220' title='bbox 1319 1991 1419 2025; x_wconf 88' lang='grc'>6610</span> <span class='ocrx_word' id='word_1_221' title='bbox 1434 1987 1491 2025; x_wconf 88' lang='lat' dir='ltr'>dr.</span> <span class='ocrx_word' id='word_1_222' title='bbox 1644 1991 1743 2026; x_wconf 86' lang='lat'>6400</span> <span class='ocrx_word' id='word_1_223' title='bbox 1759 1986 1815 2024; x_wconf 91' lang='lat' dir='ltr'>dr.</span> 
     </span>
     <span class='ocr_line' id='line_1_28' title="bbox 330 2048 1817 2094; baseline 0.001 -9"><span class='ocrx_word' id='word_1_224' title='bbox 330 2048 534 2086; x_wconf 87' lang='lat' dir='ltr'>fundorum</span> <span class='ocrx_word' id='word_1_225' title='bbox 566 2049 817 2086; x_wconf 88' lang='lat' dir='ltr'>deliacorum:</span> <span class='ocrx_word' id='word_1_226' title='bbox 847 2050 972 2087; x_wconf 90' lang='lat' dir='ltr'>minus</span> <span class='ocrx_word' id='word_1_227' title='bbox 996 2054 1092 2087; x_wconf 90' lang='lat'>1000</span> <span class='ocrx_word' id='word_1_228' title='bbox 1109 2049 1164 2087; x_wconf 92' lang='lat' dir='ltr'>dr.</span> <span class='ocrx_word' id='word_1_229' title='bbox 1176 2048 1225 2094; x_wconf 81' lang='lat'>⁴²)</span> <span class='ocrx_word' id='word_1_230' title='bbox 1324 2054 1420 2088; x_wconf 87' lang='lat'>1242</span> <span class='ocrx_word' id='word_1_231' title='bbox 1436 2049 1493 2088; x_wconf 91' lang='lat' dir='ltr'>dr.</span> <span class='ocrx_word' id='word_1_232' title='bbox 1649 2053 1745 2087; x_wconf 83' lang='lat'>1542</span> <span class='ocrx_word' id='word_1_233' title='bbox 1760 2049 1817 2087; x_wconf 86' lang='lat' dir='ltr'>dr.</span> 
     </span>
    </p>
   </div>
   <div class='ocr_carea' id='block_1_5' title="bbox 991 2128 1816 2168">
    <p class='ocr_par' dir='ltr' id='par_1_7' title="bbox 991 2128 1816 2168">
     <span class='ocr_line' id='line_1_29' title="bbox 991 2128 1816 2168; baseline -0.002 -1"><span class='ocrx_word' id='word_1_234' title='bbox 991 2134 1090 2168; x_wconf 87' lang='lat'>8110</span> <span class='ocrx_word' id='word_1_235' title='bbox 1107 2130 1163 2167; x_wconf 87' lang='lat' dir='ltr'>dr.</span> <span class='ocrx_word' id='word_1_236' title='bbox 1318 2131 1417 2168; x_wconf 79' lang='lat'>7852</span> <span class='ocrx_word' id='word_1_237' title='bbox 1432 2129 1489 2167; x_wconf 86' lang='lat' dir='ltr'>dr.</span> <span class='ocrx_word' id='word_1_238' title='bbox 1644 2130 1743 2168; x_wconf 76' lang='lat'>⁷942</span> <span class='ocrx_word' id='word_1_239' title='bbox 1758 2128 1816 2167; x_wconf 89' lang='lat' dir='ltr'>dr.</span> 
     </span>
    </p>
   </div>
   <div class='ocr_carea' id='block_1_6' title="bbox 1629 1900 1829 1939">
    <p class='ocr_par' dir='ltr' id='par_1_8' title="bbox 1629 1900 1829 1939">
     <span class='ocr_line' id='line_1_30' title="bbox 1629 1900 1829 1939; baseline -0.005 0"><span class='ocrx_word' id='word_1_240' title='bbox 1629 1900 1829 1939; x_wconf 88' lang='lat' dir='ltr'>Socratide</span> 
     </span>
    </p>
   </div>
   <div class='ocr_carea' id='block_1_7' title="bbox 328 2213 1829 2389">
    <p class='ocr_par' dir='ltr' id='par_1_9' title="bbox 328 2213 1829 2389">
     <span class='ocr_line' id='line_1_31' title="bbox 434 2213 1828 2263; baseline 0.001 -13"><span class='ocrx_word' id='word_1_241' title='bbox 434 2214 557 2251; x_wconf 88' lang='lat' dir='ltr'>Iluius</span> <span class='ocrx_word' id='word_1_242' title='bbox 587 2215 641 2252; x_wconf 90' lang='lat' dir='ltr'>rei</span> <span class='ocrx_word' id='word_1_243' title='bbox 671 2226 824 2253; x_wconf 84' lang='lat' dir='ltr'>causam</span> <span class='ocrx_word' id='word_1_244' title='bbox 854 2215 902 2254; x_wconf 91' lang='lat' dir='ltr'>ad</span> <span class='ocrx_word' id='word_1_245' title='bbox 937 2215 1123 2263; x_wconf 89' lang='lat' dir='ltr'>liquidum</span> <span class='ocrx_word' id='word_1_246' title='bbox 1154 2214 1312 2263; x_wconf 89' lang='lat' dir='ltr'>perduci</span> <span class='ocrx_word' id='word_1_247' title='bbox 1341 2214 1445 2252; x_wconf 92' lang='lat' dir='ltr'>nullo</span> <span class='ocrx_word' id='word_1_248' title='bbox 1473 2213 1586 2253; x_wconf 91' lang='lat' dir='ltr'>modo</span> <span class='ocrx_word' id='word_1_249' title='bbox 1613 2226 1728 2263; x_wconf 90' lang='lat' dir='ltr'>posse</span> <span class='ocrx_word' id='word_1_250' title='bbox 1754 2215 1828 2253; x_wconf 88' lang='lat' dir='ltr'>iam</span> 
     </span>
     <span class='ocr_line' id='line_1_32' title="bbox 328 2276 1827 2325; baseline 0.001 -11"><span class='ocrx_word' id='word_1_251' title='bbox 328 2288 446 2324; x_wconf 74' lang='lat' dir='ltr'>supra</span> <span class='ocrx_word' id='word_1_252' title='bbox 474 2277 573 2322; x_wconf 85' lang='lat' dir='ltr'>dixi;</span> <span class='ocrx_word' id='word_1_253' title='bbox 609 2289 708 2325; x_wconf 85' lang='lat' dir='ltr'>quae</span> <span class='ocrx_word' id='word_1_254' title='bbox 743 2289 833 2316; x_wconf 79' lang='lat' dir='ltr'>vero</span> <span class='ocrx_word' id='word_1_255' title='bbox 868 2277 1119 2316; x_wconf 87' lang='lat' dir='ltr'>coniectando</span> <span class='ocrx_word' id='word_1_256' title='bbox 1147 2279 1302 2325; x_wconf 88' lang='lat' dir='ltr'>assequi</span> <span class='ocrx_word' id='word_1_257' title='bbox 1336 2287 1557 2325; x_wconf 89' lang='lat' dir='ltr'>possumus,</span> <span class='ocrx_word' id='word_1_258' title='bbox 1593 2276 1689 2316; x_wconf 83' lang='lat' dir='ltr'>haec</span> <span class='ocrx_word' id='word_1_259' title='bbox 1721 2281 1827 2316; x_wconf 87' lang='lat' dir='ltr'>sunt:</span> 
     </span>
     <span class='ocr_line' id='line_1_33' title="bbox 328 2339 1829 2389; baseline 0.001 -13"><span class='ocrx_word' id='word_1_260' title='bbox 328 2345 462 2377; x_wconf 83' lang='lat' dir='ltr'>auctos</span> <span class='ocrx_word' id='word_1_261' title='bbox 492 2351 575 2378; x_wconf 86' lang='lat' dir='ltr'>esse</span> <span class='ocrx_word' id='word_1_262' title='bbox 612 2340 749 2379; x_wconf 83' lang='lat' dir='ltr'>fundos</span> <span class='ocrx_word' id='word_1_263' title='bbox 785 2352 808 2378; x_wconf 90' lang='lat' dir='ltr'>a</span> <span class='ocrx_word' id='word_1_264' title='bbox 843 2340 914 2378; x_wconf 89' lang='lat' dir='ltr'>deo</span> <span class='ocrx_word' id='word_1_265' title='bbox 945 2341 1029 2378; x_wconf 84' lang='lat' dir='ltr'>Deli</span> <span class='ocrx_word' id='word_1_266' title='bbox 1064 2341 1103 2378; x_wconf 92' lang='lat' dir='ltr'>iu</span> <span class='ocrx_word' id='word_1_267' title='bbox 1137 2341 1263 2379; x_wconf 88' lang='lat' dir='ltr'>insula</span> <span class='ocrx_word' id='word_1_268' title='bbox 1296 2351 1498 2388; x_wconf 86' lang='lat' dir='ltr'>possessos</span> <span class='ocrx_word' id='word_1_269' title='bbox 1530 2339 1725 2379; x_wconf 85' lang='lat' dir='ltr'>hominum</span> <span class='ocrx_word' id='word_1_270' title='bbox 1752 2341 1829 2389; x_wconf 89' lang='lat' dir='ltr'>pri-</span> 
     </span>
    </p>
   </div>
   <div class='ocr_carea' id='block_1_8' title="bbox 326 2468 1827 2791">
    <p class='ocr_par' dir='ltr' id='par_1_10' title="bbox 418 2468 1634 2514">
     <span class='ocr_line' id='line_1_34' title="bbox 418 2468 1634 2514; baseline 0.001 -11"><span class='ocrx_word' id='word_1_271' title='bbox 418 2471 465 2513; x_wconf 77' lang='grc'>40)</span> <span class='ocrx_word' id='word_1_272' title='bbox 491 2470 540 2503; x_wconf 91' lang='lat' dir='ltr'>M.</span> <span class='ocrx_word' id='word_1_273' title='bbox 568 2470 706 2504; x_wconf 82' lang='lat' dir='ltr'>Sandw.</span> <span class='ocrx_word' id='word_1_274' title='bbox 737 2481 770 2513; x_wconf 88' lang='lat' dir='ltr'>p.</span> <span class='ocrx_word' id='word_1_275' title='bbox 797 2475 868 2504; x_wconf 85' lang='lat' dir='ltr'>ant.</span> <span class='ocrx_word' id='word_1_276' title='bbox 896 2470 955 2504; x_wconf 87' lang='lat' dir='ltr'>lin.</span> <span class='ocrx_word' id='word_1_277' title='bbox 973 2472 1109 2506; x_wconf 86' lang='lat'>27-29</span> <span class='ocrx_word' id='word_1_278' title='bbox 1134 2474 1170 2505; x_wconf 86' lang='lat' dir='ltr'>et</span> <span class='ocrx_word' id='word_1_279' title='bbox 1194 2469 1318 2514; x_wconf 82' lang='lat' dir='ltr'>fragm.</span> <span class='ocrx_word' id='word_1_280' title='bbox 1345 2469 1377 2504; x_wconf 90' lang='lat' dir='ltr'>b.</span> <span class='ocrx_word' id='word_1_281' title='bbox 1403 2468 1463 2504; x_wconf 88' lang='lat' dir='ltr'>lin.</span> <span class='ocrx_word' id='word_1_282' title='bbox 1488 2470 1634 2504; x_wconf 79' lang='lat'>24—25.</span> 
     </span>
    </p>

    <p class='ocr_par' dir='ltr' id='par_1_11' title="bbox 417 2526 1036 2571">
     <span class='ocr_line' id='line_1_35' title="bbox 417 2526 1036 2571; baseline 0 -10"><span class='ocrx_word' id='word_1_283' title='bbox 417 2528 463 2571; x_wconf 83' lang='lat'>⁴¹)</span> <span class='ocrx_word' id='word_1_284' title='bbox 489 2527 525 2561; x_wconf 80' lang='lat' dir='ltr'>C.</span> <span class='ocrx_word' id='word_1_285' title='bbox 542 2526 566 2560; x_wconf 91' lang='lat'>1.</span> <span class='ocrx_word' id='word_1_286' title='bbox 583 2527 624 2560; x_wconf 82' lang='lat' dir='ltr'>A.</span> <span class='ocrx_word' id='word_1_287' title='bbox 653 2527 678 2570; x_wconf 80' lang='grc' dir='ltr'>Ι,</span> <span class='ocrx_word' id='word_1_288' title='bbox 696 2529 774 2571; x_wconf 86' lang='grc'>283,</span> <span class='ocrx_word' id='word_1_289' title='bbox 801 2527 859 2561; x_wconf 85' lang='lat' dir='ltr'>lin.</span> <span class='ocrx_word' id='word_1_290' title='bbox 891 2530 1036 2562; x_wconf 85' lang='lat'>15-24.</span> 
     </span>
    </p>

    <p class='ocr_par' dir='ltr' id='par_1_12' title="bbox 326 2583 1827 2791">
     <span class='ocr_line' id='line_1_36' title="bbox 416 2583 1827 2630; baseline 0.001 -12"><span class='ocrx_word' id='word_1_291' title='bbox 416 2584 460 2629; x_wconf 77' lang='lat'>⁴²)</span> <span class='ocrx_word' id='word_1_292' title='bbox 485 2583 633 2619; x_wconf 80' lang='lat' dir='ltr'>Minime</span> <span class='ocrx_word' id='word_1_293' title='bbox 668 2590 721 2618; x_wconf 83' lang='lat' dir='ltr'>est</span> <span class='ocrx_word' id='word_1_294' title='bbox 753 2584 1031 2619; x_wconf 77' lang='lat' dir='ltr'>obliviscendum</span> <span class='ocrx_word' id='word_1_295' title='bbox 1064 2584 1099 2619; x_wconf 88' lang='grc'>111</span> <span class='ocrx_word' id='word_1_296' title='bbox 1134 2584 1202 2619; x_wconf 86' lang='lat' dir='ltr'>hac</span> <span class='ocrx_word' id='word_1_297' title='bbox 1235 2594 1372 2619; x_wconf 87' lang='lat' dir='ltr'>summa</span> <span class='ocrx_word' id='word_1_298' title='bbox 1402 2584 1520 2619; x_wconf 87' lang='lat' dir='ltr'>inesse</span> <span class='ocrx_word' id='word_1_299' title='bbox 1551 2583 1733 2620; x_wconf 82' lang='lat' dir='ltr'>mercedes</span> <span class='ocrx_word' id='word_1_300' title='bbox 1763 2595 1827 2630; x_wconf 91' lang='lat' dir='ltr'>pro</span> 
     </span>
     <span class='ocr_line' id='line_1_37' title="bbox 327 2641 1827 2686; baseline 0.001 -11"><span class='ocrx_word' id='word_1_301' title='bbox 327 2642 490 2677; x_wconf 81' lang='lat' dir='ltr'>domibus</span> <span class='ocrx_word' id='word_1_302' title='bbox 517 2642 740 2686; x_wconf 75' lang='lat' dir='ltr'>persolutus,</span> <span class='ocrx_word' id='word_1_303' title='bbox 778 2652 868 2685; x_wconf 75' lang='lat' dir='ltr'>quat·</span> <span class='ocrx_word' id='word_1_304' title='bbox 895 2642 1006 2676; x_wconf 77' lang='lat' dir='ltr'>nostri</span> <span class='ocrx_word' id='word_1_305' title='bbox 1033 2641 1128 2676; x_wconf 83' lang='lat' dir='ltr'>tituli</span> <span class='ocrx_word' id='word_1_306' title='bbox 1167 2641 1228 2686; x_wconf 88' lang='lat' dir='ltr'>(M.</span> <span class='ocrx_word' id='word_1_307' title='bbox 1255 2641 1407 2686; x_wconf 86' lang='lat' dir='ltr'>Sandw.)</span> <span class='ocrx_word' id='word_1_308' title='bbox 1443 2646 1602 2686; x_wconf 90' lang='lat' dir='ltr'>tempore</span> <span class='ocrx_word' id='word_1_309' title='bbox 1634 2641 1827 2686; x_wconf 88' lang='lat' dir='ltr'>separatim</span> 
     </span>
     <span class='ocr_line' id='line_1_38' title="bbox 326 2697 1827 2735; baseline -0.001 -2"><span class='ocrx_word' id='word_1_310' title='bbox 326 2705 557 2735; x_wconf 75' lang='lat' dir='ltr'>recensentur</span> <span class='ocrx_word' id='word_1_311' title='bbox 582 2704 617 2733; x_wconf 85' lang='lat' dir='ltr'>et</span> <span class='ocrx_word' id='word_1_312' title='bbox 641 2703 819 2734; x_wconf 76' lang='lat' dir='ltr'>trecentas</span> <span class='ocrx_word' id='word_1_313' title='bbox 851 2699 925 2733; x_wconf 81' lang='lat' dir='ltr'>fere</span> <span class='ocrx_word' id='word_1_314' title='bbox 956 2698 1146 2733; x_wconf 86' lang='lat' dir='ltr'>drachmas</span> <span class='ocrx_word' id='word_1_315' title='bbox 1177 2698 1339 2733; x_wconf 85' lang='lat' dir='ltr'>efficiunt</span> <span class='ocrx_word' id='word_1_316' title='bbox 1369 2697 1404 2732; x_wconf 93' lang='lat' dir='ltr'>in</span> <span class='ocrx_word' id='word_1_317' title='bbox 1430 2697 1497 2733; x_wconf 87' lang='lat' dir='ltr'>hac</span> <span class='ocrx_word' id='word_1_318' title='bbox 1522 2697 1646 2732; x_wconf 84' lang='lat' dir='ltr'>tabula</span> <span class='ocrx_word' id='word_1_319' title='bbox 1669 2707 1739 2733; x_wconf 89' lang='lat' dir='ltr'>non</span> <span class='ocrx_word' id='word_1_320' title='bbox 1764 2708 1827 2732; x_wconf 92' lang='lat' dir='ltr'>nu-</span> 
     </span>
     <span class='ocr_line' id='line_1_39' title="bbox 326 2761 490 2791; baseline -0.012 0"><span class='ocrx_word' id='word_1_321' title='bbox 326 2761 490 2791; x_wconf 82' lang='lat' dir='ltr'>meratas.</span> 
     </span>
    </p>
   </div>
  </div>
 </body>
</html>
