1979 3326
725 310 1031 350 —217—

238 435 314 475 Sed
333 447 408 475 non
428 434 494 473 diu
513 435 645 473 civitas
666 434 814 473 deliaca
832 434 978 472 recenti
996 432 1175 471 libertate
1196 443 1266 470 usa
1286 443 1411 480 neque
1433 431 1627 470 mensibus

134 501 281 549 aliquot
307 498 471 546 amplius
490 498 651 536 victoria
671 498 802 546 gavisa
822 501 899 542 est3
927 488 1001 534 iam
1022 497 1106 543 ipso
1126 495 1197 533 hoc
1217 506 1317 533 anno
1340 499 1412 533 666
1435 506 1468 533 a.
1485 507 1521 532 11.
1538 505 1568 532 6.
1587 507 1629 523 =

133 567 182 602 88
208 574 242 601 a.
264 561 351 600 Chr.
380 574 430 608 n.,
470 565 513 599 ut
546 560 698 599 videtur
732 564 836 606 (nam
871 563 1052 598 accurata
1092 562 1306 606 temporum
1347 557 1556 605 descriptio
1591 559 1630 595 in

132 625 192 664 his
219 625 334 663 rebus
363 624 565 663 admodum
593 629 651 662 est
672 622 854 666 difficilis)
886 623 1047 661 subacta
1067 626 1125 659 est
1145 633 1167 659 a
1186 620 1425 658 Mithridatis
1455 614 1629 666 ducibus,

135 688 184 727 ab
211 687 422 735 Archelao,
458 691 501 726 ut
527 687 730 735 Appianus
764 690 914 732 narrat,
950 698 973 724 a
1008 684 1252 732 Menophane
1288 683 1346 720 vel
1374 683 1630 731 Metrophane

133 751 341 790 secundum
369 749 639 796 Pausaniamss)
682 754 797 798 atque
838 750 973 797 viginti
1014 749 1165 786 milibus
1209 748 1414 792 hominum,
1457 747 1630 794 inprimis

135 814 339 860 Italorum,
375 814 511 852 occisis
540 812 771 851 horrendum
800 813 838 849 111
866 811 1019 850 modum
1048 811 1249 849 devastata
1286 814 1324 847 et
1352 809 1524 856 direpta3
1566 821 1631 857 pe-

136 879 272 916 cuniae
319 889 451 916 sacrae
496 878 536 915 in
580 877 722 925 templo
774 880 993 914 asservatae
1038 875 1210 912 Athenas
1264 877 1353 911 sunt
1406 872 1632 920 deportatae

134 941 396 989 Aristionique
431 940 616 987 traditae;
656 940 782 978 insula
815 940 920 987 ipsa,
964 938 1106 976 divitiis
1142 937 1220 975 suis
1255 937 1454 984 gloriaque
1493 937 1632 974 sancti-

134 1005 227 1043 tatis
255 1003 404 1050 orbata‚
432 1003 480 1041 ab
507 1003 762 1041 incolentibus
792 1002 956 1049 deserta,
998 1002 1139 1039 misera
1179 1005 1217 1038 et
1259 1012 1386 1048 egens,
1429 1011 1562 1037 rursus
1593 1000 1630 1036 in

134 1067 424 1106 Atheniensium
453 1065 635 1104 ditionem
662 1067 766 1104 venit
805 1066 928 1113 iisque
957 1077 1003 1103 ne
1032 1076 1056 1102 a
1085 1063 1192 1102 Sulla
1220 1063 1372 1111 quidem
1401 1064 1544 1101 victore
1574 1068 1632 1100 651

136 1134 280 1179 erepta,
314 1128 478 1168 fortasse
508 1130 598 1177 quia
626 1130 707 1167 eius
735 1130 928 1177 possessio
964 1129 1106 1166 nullam
1148 1129 1224 1165 iam
1261 1126 1463 1165 videbatur
1490 1125 1632 1164 habere

134 1194 349 1232 utilitatem.
396 1192 472 1230 Sed
490 1192 579 1230 Deli
598 1193 695 1230 situs
715 1193 941 1230 commercio
968 1192 1128 1230 asiatico
1159 1202 1273 1239 quam
1301 1191 1464 1228 maxime
1493 1201 1634 1237 oppor-

134 1261 250 1295 tunus
277 1255 403 1294 denuo
432 1259 470 1294 et
496 1256 641 1294 incolas
669 1256 803 1294 allexit
830 1258 867 1293 et
895 1256 1154 1303 negotiatores
1183 1265 1382 1299 romanos,
1420 1254 1485 1301 (1111
1514 1253 1634 1300 magis

139 1331 251 1369 quam
291 1319 367 1368 ipsi
408 1318 550 1357 domini
592 1318 857 1366 Athenienses,
887 1317 1086 1356 obsidione
1129 1317 1306 1365 belloque
1348 1316 1529 1354 diuturno
1566 1328 1630 1354 ex-

137 1382 266 1422 hausti
295 1379 338 1420 et*
366 1393 390 1420 a
415 1385 578 1430 tyranno
614 1382 726 1420 simul
768 1382 926 1429 eiusque
953 1382 1097 1419 victore
1139 1381 1267 1418 multis
1309 1380 1455 1418 civibus
1495 1380 1633 1427 orbati,

136 1446 339 1495 pristinum
360 1448 500 1483 statum
520 1445 668 1483 insulae
688 1446 891 1483 restituere
921 1446 1049 1483 conati
1076 1449 1175 1482 sunt.
1222 1445 1348 1492 Atque
1368 1444 1407 1481 hi
1427 1449 1466 1482 et
1485 1449 1634 1483 veteres

137 1513 285 1548 statuas
325 1508 549 1548 reficiendas
583 1513 814 1547 curaverunt
854 1512 893 1546 et
930 1520 1049 1546 novas
1091 1507 1378 1554 dedicaverunt,
1421 1519 1629 1556 eorumque

138 1573 295 1612 nomina
323 1573 545 1621 saepissime
575 1576 783 1610 occurrunt
801 1573 840 1610 in
860 1573 993 1619 titulis,
1024 1573 1089 1620 qui
1118 1572 1409 1619 insequentibus
1438 1572 1547 1609 annis
1577 1572 1635 1609 vel

136 1639 243 1674 certa
261 1635 319 1674 vel
341 1635 537 1674 verisimili
565 1636 713 1674 ratione
734 1635 968 1683 tribuuntur,
998 1646 1083 1673 cum
1111 1636 1229 1673 multo
1250 1636 1375 1673 rarius
1404 1634 1471 1673 fiat
1499 1636 1634 1683 populi

135 1699 428 1738 Atheniensium
461 1700 622 1745 mentio,
664 1698 832 1737 cleruchi
861 1702 988 1737 autem
1023 1699 1186 1736 insulam
1215 1702 1389 1736 tenentes
1419 1710 1626 1747 numquam

135 1761 217 1801 fere
245 1766 598 1801 commemorentur.
662 1761 724 1800 Ad
764 1762 836 1800 hoc
877 1767 1027 1809 tempus
1065 1760 1189 1799 refero
1227 1766 1392 1803 statuas,
1436 1773 1532 1810 quas
1561 1763 1635 1800 iam

137 1824 388 1874 appellavi‚⁹)
417 1825 460 1863 L.
482 1825 623 1872 Sullae,
653 1836 814 1872 quarum
833 1825 993 1863 alteram
1022 1825 1055 1862 ei
1089 1825 1305 1872 »conlegia«
1337 1826 1635 1873 (negotiatorum

136 1887 315 1926 videlicet
341 1893 601 1931 romanorum)
622 1887 858 1934 dicaverunt,
888 1892 926 1925 et
944 1887 987 1924 L.
1008 1886 1169 1929 Luculli,
1201 1887 1339 1935 quibus
1369 1887 1635 1935 adiungendae

138 1955 229 1989 sunt
254 1950 354 1990 Aulo
383 1955 422 1989 et
447 1950 586 1989 Publio
607 1950 781 1988 Gabiniis
809 1950 971 1998 positae,
983 1949 1028 1995 ¹⁰)
1058 1950 1193 1997 legatis
1215 1949 1356 1996 Sullae,
1387 1954 1427 1988 ut
1448 1950 1635 1987 videntur.

138 2014 225 2052 Non
253 2014 365 2052 huius
393 2017 497 2052 certe
531 2013 606 2051 loci
634 2016 750 2061 atque
778 2013 912 2051 inutile
948 2014 1062 2050 etiam
1098 2018 1156 2050 est
1190 2018 1277 2060 post
1306 2013 1486 2052 Homollii
1523 2024 1636 2061 prae-

138 2077 282 2115 claram
311 2076 619 2115 dissertationem
640 2076 686 2114 de
705 2076 888 2114 Romanis
909 2076 1046 2114 Delum
1067 2077 1321 2115 incolentibus
1350 2078 1483 2115 titulos
1506 2088 1635 2114 omnes

225 2196 256 2239 ⁸)
280 2195 435 2241 Appian.
455 2195 656 2230 Mithridat.
674 2205 751 2239 cap.
771 2197 831 2238 283
857 2195 1010 2230 Pausan.
1039 2195 1101 2238 111,
1127 2197 1180 2238 23,
1206 2198 1237 2230 3.
1281 2196 1388 2240 Apud
1406 2196 1637 2230 Plutarchum

138 2253 241 2297 (Sull.
259 2263 336 2299 cap.
355 2253 422 2296 XI)
446 2253 593 2297 legitur:
623 2252 813 2299 Ἀρχέλαος
838 2253 903 2291 τάς
928 2265 968 2285 τε
997 2250 1184 2290 Κυκλάδας
1211 2253 1339 2298 νήσους
1364 2254 1556 2287 ἐδουλοῦτο
1583 2253 1638 2285 καὶ

137 2312 202 2356 τὴν
228 2309 386 2354 Εὔβοιαν
414 2310 527 2355 αὐτὴν
554 2310 670 2357 εἶχεν,
696 2321 775 2346 611111
802 2310 990 2354 Appianus
1017 2310 1232 2344 Archelaum
1259 2311 1402 2354 quidem
1428 2311 1523 2346 dicat
1549 2310 1638 2344 Delo

137 2368 279 2414 direpta
304 2369 465 2404 Athenas
493 2369 641 2413 venisse,
667 2370 850 2404 Euboeam
877 2376 995 2404 autem
1023 2370 1146 2405 eodem
1172 2376 1330 2413 tempore
1357 2379 1378 2402 a
1403 2368 1638 2412 Metrophane

137 2430 363 2471 occupatam:
389 2425 474 2461 licet
498 2426 643 2462 credere
661 2427 769 2461 duces
796 2427 917 2462 ambos
942 2437 1014 2462 una
1039 2438 1103 2472 per
1122 2428 1304 2471 Aegaeum
1331 2436 1427 2460 mare
1452 2426 1638 2467 navigasse

138 2482 336 2528 Delumque
353 2483 506 2528 cepisse,
532 2489 657 2528 postea
674 2483 788 2518 divisa
813 2484 927 2519 classe
952 2484 1021 2519 huc
1041 2490 1076 2519 et
1093 2484 1177 2519 illuc.
1196 2484 1385 2529 profectos.
1411 2493 1502 2526 quae
1520 2482 1639 2526 opinio

136 2539 278 2575 videtur
308 2540 492 2576 Strabonis
525 2540 588 2586 (X,
613 2544 651 2585 5,
676 2541 710 2585 4)
742 2541 944 2575 testimonio
979 2540 1179 2576 confirmari
1212 2541 1279 2576 hoc
1313 2547 1449 2576 tantum
1488 2539 1639 2574 dicentis

138 2596 290 2632 insulam
323 2607 400 2633 esse
431 2596 607 2643 direptam
641 2608 662 2632 a
687 2597 909 2632 Mithridatis
941 2597 1092 2633 ducibus
1127 2599 1222 2633 nullo
1258 2599 1438 2633 nominato
1476 2604 1583 2641 atquc
1618 2607 1639 2630 a

141 2659 351 2700 »tyranno«,
384 2654 550 2691 videlicet
580 2655 772 2691 Aristione.
823 2655 950 2690 Florus
976 2656 1059 2698 (ΙΙΙ,
1085 2659 1121 2696 8)
1154 2656 1250 2691 solus
1276 2656 1547 2700 Neoptolemum
1575 2655 1639 2688 Ar-

139 2711 256 2748 chelai
279 2711 426 2748 fratrem
449 2719 710 2748 commemorat.
866 2714 897 2757 9)
923 2713 992 2748 Cfr.
1020 2719 1107 2748 nott.
1126 2716 1148 2748 6
1173 2720 1209 2748 ct
1233 2716 1263 2749 7.
1421 2715 1464 2755 ¹⁰)
1491 2712 1580 2746 Bull.
1608 2712 1638 2746 d.

141 2770 238 2805 Corr.
263 2769 355 2805 neu.
374 2770 470 2816 VIII,
496 2782 529 2816 p.
554 2774 626 2807 143.
