1979 3326
746 307 1120 373 -101-'

161 455 383 495 dicarentur
419 456 591 505 Apollini
624 455 807 504 Delio.32)
871 457 1127 505 Quamobrem
1168 468 1245 496 non
1287 470 1445 506 possum
1482 460 1662 498 assentiri

159 520 371 567 Homollio,
407 531 517 569 quem
556 520 593 557 in
628 521 788 568 reliquis
824 533 983 569 sequor,
1018 533 1037 559 e
1066 520 1175 558 donis
1212 521 1360 570 aliquot
1388 522 1436 560 ab
1466 523 1657 570 Antigono

162 583 315 622 Gonata
348 584 506 632 eiusque
539 595 659 622 uxore
695 583 986 626 consecrati533)
1030 584 1224 631 colligenti
1259 583 1376 623 fuisse
1419 586 1581 624 insulam
1619 587 1659 624 in

165 647 314 685 dicione
338 648 440 695 regis
460 647 717 685 Macedonum
736 647 824 684 inde
853 659 876 685 a
902 658 1031 695 pugna
1059 648 1186 686 navali
1215 648 1264 686 ad
1293 648 1412 687 Coum
1441 650 1656 696 commissa,

161 721 237 759 qua
265 710 426 748 classem
446 709 675 758 Aegyptiam
703 708 867 757 fuderat,
898 722 1117 759 quanquam
1146 712 1364 759 opinionem
1394 723 1501 750 suam
1522 711 1657 750 fulcire

161 777 324 812 conatur
344 773 517 821 exemplo
537 774 695 821 Amorgi
706 772 754 816 34)
781 777 817 811 91
838 773 980 821 Syri35)
1003 774 1215 812 insularum
1236 786 1339 812 usus.
1397 774 1475 812 Cur
1494 787 1570 812 non
1599 779 1657 813 est

159 837 365 875 verisimile
384 840 474 885 post
491 847 627 885 pacem
647 848 732 874 cum
751 836 1005 885 Philadelpho
1027 836 1168 875 factam
1187 837 1399 876 honorasse
1421 839 1655 886 Antigonum

159 899 271 938 deum
290 900 456 947 Delium,
486 904 528 938 ut
557 901 638 938 eius
658 900 730 938 sibi
750 901 913 948 gratiam
933 905 1049 949 atque
1070 901 1335 939 insulanorum
1364 903 1510 940 animos
1532 904 1657 940 conci-

97 1003 101 1007 ,
158 964 284 1011 liaret,
313 975 396 1002 cum
429 963 588 1002 credere
607 963 806 1002 iubeamur
825 965 1003 1006 insulam,
1033 966 1205 1013 quamvis
1225 964 1430 1003 defecisset
1459 970 1496 1003 et
1523 967 1562 1003 in
1591 966 1656 1004 ad-

154 1028 317 1065 versarii
357 1030 590 1075 potestatem
630 1028 816 1074 venisset,
857 1029 1088 1066 remansisse
1128 1030 1168 1066 in
1202 1028 1415 1067 Ptolemaei
1458 1028 1654 1067 amicitia?

158 1088 272 1129 Certe
299 1101 376 1129 non
403 1091 430 1128 ii
459 1094 569 1129 erant
590 1090 809 1129 sacerdotes
829 1091 945 1138 Delii,
974 1095 1017 1129 ut
1045 1092 1146 1129 dona
1174 1103 1196 1130 a
1225 1093 1359 1139 quovis
1389 1092 1519 1130 oblata
1547 1103 1655 1130 reeu-

153 1157 297 1201 sarent,
326 1154 358 1192 si
386 1154 562 1202 accipere
598 1154 680 1191 sine
716 1155 888 1202 periculo
916 1159 1116 1202 poterant;
1154 1155 1431 1204 Philadelphus
1461 1160 1588 1194 autem
1618 1160 1655 1194 et

93 1232 95 1234 ·
155 1218 299 1256 maiore
328 1218 453 1255 animo
483 1221 579 1264 erat,
609 1227 722 1265 quam
745 1222 789 1255 ut
807 1217 879 1256 hac
901 1230 942 1256 re
969 1218 1239 1265 offenderetur,
1270 1223 1308 1257 et
1336 1220 1417 1257 sine
1446 1220 1654 1267 impietatis

154 1281 282 1328 specie
309 1291 386 1318 non
413 1284 568 1329 poterat
596 1281 738 1329 templo
773 1281 979 1329 prohibere
1008 1283 1202 1320 inimicum
1231 1294 1340 1320 suum
1369 1294 1464 1330 pace
1494 1294 1578 1320 cum
1609 1295 1653 1321 eo

154 1341 275 1390 facta;
303 1344 396 1391 quin
424 1344 536 1382 etiam
566 1344 820 1382 Athenienses
850 1345 938 1383 olim
965 1345 1156 1394 Lysandri
1184 1346 1436 1384 inimicissimi
1465 1347 1523 1384 sui
1553 1346 1654 1385 dona

152 1407 259 1455 passi
293 1410 382 1445 sunt
415 1419 485 1456 per
517 1408 656 1446 multos
690 1419 810 1446 annos
846 1409 885 1445 in
914 1410 1155 1447 sanctissimo
1185 1409 1292 1447 urbis
1323 1409 1484 1448 delubro
1512 1422 1653 1458 propo-

151 1469 226 1507 sita
253 1480 330 1507 non
363 1473 440 1508 tam
473 1469 628 1508 honoris
663 1470 757 1509 deae
791 1482 904 1519 quam
938 1483 1029 1510 suae
1063 1472 1253 1510 irrisionis
1287 1472 1480 1512 03053136)
1516 1474 1652 1522 Neque

154 1544 323 1581 unquam
344 1532 590 1571 Ptolemaeus
618 1537 766 1572 tantum
794 1534 912 1572 valuit
942 1534 1045 1582 apud
1073 1535 1271 1573 insulanos
1301 1537 1530 1575 auctoritate
1562 1538 1651 1583 (nisi

150 1601 354 1646 poetarum
383 1596 668 1636 adulationibus
702 1599 814 1636 nimis
841 1599 1020 1646 tribuas),
1056 1603 1098 1637 ut
1126 1601 1266 1638 invitos
1297 1612 1361 1638 eos
1390 1600 1517 1639 facere
1547 1602 1652 1649 quic-

149 1672 262 1710 quam
292 1672 428 1709 cogere
455 1664 599 1709 posset,
634 1662 862 1709 praesertim
900 1663 1039 1701 victus:
1076 1662 1277 1711 prudentis
1312 1665 1429 1711 igitur
1462 1665 1533 1702 viri
1569 1669 1652 1702 erat

147 1736 225 1763 non
252 1724 467 1773 suspiciosa
494 1723 638 1763 invidia
667 1724 890 1764 abalienare
919 1737 942 1764 a
970 1738 1022 1772 se,
1053 1727 1120 1765 sed
1148 1726 1417 1766 benevolentia
1445 1732 1483 1766 et
1511 1727 1651 1766 libera-

149 1788 260 1826 litate
289 1799 403 1836 quam
429 1789 592 1826 maxime
623 1788 863 1837 obstringere
892 1800 1023 1827 eorum
1051 1790 1210 1828 animos.
1259 1790 1395 1839 Neque
1424 1792 1569 1829 maiore
1597 1791 1651 1827 11-

149 1850 262 1889 detur
288 1850 380 1888 mihi
408 1841 622 1898 Antigonus
649 1850 739 1889 Deli
766 1863 859 1889 usus
889 1863 973 1889 esse
1003 1853 1233 1891 auctoritate
1263 1864 1375 1901 quam
1406 1853 1649 1892 Philetaerus

151 1913 435 1962 Pergamenus,
465 1914 531 1960 qui
559 1917 647 1952 ante
675 1914 782 1952 illum
811 1915 926 1952 etiam
954 1915 993 1952 111
1021 1914 1315 1964 hieropoeorum
1344 1916 1559 1954 rationibus
1588 1928 1649 1955 oc-

148 1978 271 2016 currit
297 1977 368 2016 sub
398 1978 540 2016 exitum
568 1979 670 2016 vitae
699 1989 791 2016 suae
821 1978 1012 2024 (263).³⁷).

253 2040 432 2079 Concedo
470 2040 645 2089 equidem
682 2042 862 2080 extremis
897 2041 1143 2090 Philadelphi
1179 2043 1288 2080 annis
1324 2042 1445 2080 videri
1479 2043 1649 2082 laxatam

149 2115 235 2143 esse
254 2104 453 2153 paulisper
472 2105 677 2143 amicitiam
697 2105 813 2152 illam,
843 2115 941 2153 quae
967 2116 1117 2153 semper
1137 2107 1302 2155 Aegypti
1331 2107 1411 2154 regi
1439 2118 1525 2144 cum
1547 2106 1648 2144 Rho-

147 2166 221 2206 diis
249 2168 513 2217 insulanisque
541 2167 668 2207 fuerat
695 2191 744 2196 —
772 2170 969 2217 perterriti
997 2173 1103 2215 sunt,
1139 2169 1273 2217 credo,
1302 2181 1441 2218 magna
1470 2169 1536 2207 filii
1565 2171 1646 2208 eius

147 2230 366 2279 Euergetae
394 2232 581 2280 potentia,
608 2243 722 2280 quam
751 2231 823 2270 sibi
851 2232 952 2270 bello
974 2234 1103 2270 statim
1123 2237 1212 2281 post.
1239 2234 1362 2281 patris
1392 2233 1535 2271 obitum
1565 2245 1647 2271 sus-

146 2297 259 2342 cepto
287 2295 541 2342 comparavit:
569 2295 754 2334 traditum
783 2296 883 2334 enim
911 2301 970 2334 est
997 2307 1019 2334 a
1039 2295 1290 2344 Polyaenow)
1322 2295 1369 2333 de
1398 2307 1525 2344 pugna
1554 2307 1646 2344 qua-

237 2402 284 2445 32)
308 2402 452 2438 Demar.
479 2401 575 2438 arch.
602 2402 670 2437 inv.
696 2403 757 2437 lin.
783 2406 825 2438 55
852 2405 961 2447 (203),
987 2405 1031 2438 60
1055 2404 1162 2445 (201),
1195 2405 1240 2439 63
1265 2405 1373 2448 (200),
1399 2405 1443 2438 66
1467 2406 1574 2447 (198),
1601 2405 1644 2439 73

144 2462 253 2506 (196),
285 2462 331 2497 74
353 2463 461 2506 (195),
492 2462 536 2496 77
563 2461 669 2504 (194),
708 2464 766 2495 111
801 2463 909 2504 (193),
942 2463 986 2495 85
1011 2463 1118 2503 (192),
1153 2464 1193 2496 91
1228 2463 1335 2504 (191),
1367 2464 1411 2496 99
1437 2464 1544 2503 (190),
1582 2464 1644 2496 107

145 2519 253 2562 (189),
286 2519 351 2553 106
374 2519 481 2562 (188),
518 2519 581 2553 116
605 2519 715 2562 (187),
755 2520 817 2554 129
842 2521 949 2559 (186),
990 2520 1054 2554 134
1079 2520 1188 2562 (185),
1227 2521 1288 2554 138
1314 2521 1422 2561 (184),
1450 2523 1506 2553 151
1536 2521 1643 2562 (182),

149 2577 213 2610 154
237 2577 351 2617 (181);
383 2574 484 2610 1111015
516 2575 673 2610 1110111505
704 2575 825 2609 addidi
851 2585 1024 2610 annorum
1049 2586 1232 2617 numeros,
1259 2576 1387 2620 quibus
1414 2584 1643 2611 consecratae

147 2632 324 2668 dicuntur.
469 2633 517 2677 ³³)
543 2632 739 2668 Sosisthen.
765 2632 861 2667 arch.
888 2633 956 2667 inv.
982 2633 1075 2668 ined.
1101 2633 1160 2668 lin.
1191 2636 1264 2668 125.
1403 2634 1448 2676 3⁴)
1474 2633 1642 2669 Mittheil.

146 2689 179 2726 d.
204 2690 363 2726 (leutsch.
389 2690 486 2726 arch.
511 2690 587 2726 Inst
624 2690 651 2734 I,
677 2701 710 2734 p.
736 2692 813 2725 337.
938 2691 987 2730 ³⁵)
1015 2690 1178 2726 Homolle
1205 2691 1419 2726 »Archives«
1448 2698 1512 2726 etc.
1541 2703 1573 2736 p.
1599 2694 1642 2726 65

146 2751 220 2783 not.
243 2749 275 2783 2.
400 2748 448 2792 ³⁶)
471 2748 606 2784 C.LA.
632 2747 678 2792 11,
694 2749 772 2792 652,
797 2747 858 2782 lin.
883 2750 1028 2783 30-32.
1152 2749 1199 2792 ³⁷)
1225 2748 1421 2784 Sosisthen.
1448 2749 1545 2783 arch.
1572 2749 1641 2786 inv.

147 2802 241 2840 ined.
265 2803 328 2840 lin.
355 2805 428 2840 119.
565 2805 614 2848 ⁸⁸)
638 2804 806 2850 Polyaen.
835 2805 877 2840 V.
908 2807 957 2841 18.
