1957 3326
914 306 1192 346 „94-

308 430 423 468 fuisse
453 435 490 468 et
518 435 605 478 post
632 441 771 467 annum
802 435 874 467 306
905 427 948 465 τὸ
977 427 1104 464 κοινὸν
1131 429 1198 466 tali
1220 428 1330 466 modo
1353 429 1484 476 augeri
1505 431 1680 475 coeptum
1702 438 1799 470 esse,

308 499 344 530 nt
377 495 485 541 quasi
515 493 560 530 de
590 494 738 539 integro
759 493 972 529 institutum
1004 491 1123 528 videri
1153 495 1294 539 posset.
1343 491 1419 529 Iam
1449 496 1537 530 ante
1566 501 1707 529 annum
1727 495 1800 528 306

307 556 423 593 fuisse
463 555 651 604 quandam
692 555 952 592 insulanorum
996 555 1216 591 societatem
1256 553 1426 591 adducor
1462 554 1689 591 documento
1728 563 1802 590 non

308 620 400 656 satis
430 620 493 656 illo
522 617 672 666 quidem
702 619 905 665 perspicuo
935 622 971 654 et
1001 629 1045 654 eo
1073 617 1176 664 ipso,
1213 617 1277 664 qui
1304 616 1376 654 huc
1403 618 1580 664 pertinet,
1606 617 1689 654 loco
1709 620 1804 654 tem-

308 683 410 728 pori<
438 682 578 719 iniuria
603 680 867 727 pessumdato:
898 679 1090 717 decretum
1112 679 1203 716 illud
1225 679 1322 726 dico,
1349 680 1451 727 quod
1471 681 1545 718 iam
1565 691 1683 728 supra
1702 689 1802 717 com-

308 745 534 791 memoravi,
569 755 643 791 quo
680 743 842 780 honores
880 744 1014 779 summi
1050 742 1097 780 ab
1126 742 1248 780 Deliis
1277 744 1315 779 in
1354 742 1561 780 Philoclem
1600 741 1802 780 conferun—

312 812 374 844 tur
403 806 644 845 Sidoniorum
674 806 853 853 i·egeni.⁴)
899 805 1087 853 Scriptum
1120 810 1178 843 est
1206 807 1243 842 in
1272 805 1343 843 hoc
1371 805 1483 843 titulo
1511 806 1707 844 insulanos
1734 816 1800 854 pe-

310 870 441 907 cunias
471 869 654 916 quasdam
686 880 707 906 a
735 868 858 905 Deliis
888 872 1037 905 mutuas
1058 872 1228 915 sumptas
1254 880 1329 905 non
1349 868 1449 905 ultro
1470 868 1697 915 reddidisse,
1727 867 1802 906 De·

310 933 381 969 lios
411 936 536 969 autem
566 943 635 979 per
664 931 887 971 Philoclem.
917 932 977 968 cui
1007 931 1078 969 hoc
1105 943 1241 968 munus
1270 943 1293 969 a
1322 931 1542 970 Ptolemaeo
1571 934 1673 969 esset
1700 941 1800 968 man-

312 995 456 1041 datum,
486 996 724 1042 impetrasse,
758 999 801 1031 ut.
830 994 903 1031 sibi
933 994 1061 1032 debita
1091 995 1340 1032 solverentur.
1388 993 1515 1042 Supra
1541 995 1615 1031 iam
1645 993 1723 1031 dixi
1752 994 1804 1030 vi-

311 1058 392 1095 deri
422 1062 460 1096 et
494 1058 753 1095 insulanorum
790 1056 917 1093 κοινὺν
949 1058 1194 1095 constitutum
1230 1069 1312 1095 esse
1347 1057 1418 1096 hoc
1450 1061 1620 1105 tempore
1656 1060 1695 1095 et
1728 1056 1804 1094 De-

308 1122 379 1159 lios
417 1120 580 1159 nondum
621 1121 700 1157 eius
735 1121 963 1168 participes,
998 1120 1064 1158 sed
1099 1121 1226 1168 potius
1263 1132 1346 1158 cum
1377 1120 1613 1158 Athenarum
1649 1120 1803 1158 civitate

308 1185 420 1221 etiam
458 1183 737 1221 necessitudine
777 1183 941 1231 quadam
979 1184 1202 1221 coniunctos
1240 1182 1366 1221 fuisse.
1422 1184 1549 1230 Atque
1583 1183 1803 1221 societatem

310 1247 411 1284 illam
442 1258 517 1284 non
547 1248 600 1284 ita
628 1247 747 1284 multo
784 1251 873 1284 ante
910 1246 1098 1284 conditam
1136 1247 1210 1284 iam
1246 1252 1324 1284 tum
1354 1245 1561 1294 Cycladum
1595 1245 1804 1283 insularum

309 1314 455 1357 partem
496 1309 830 1357 comprehendisse
866 1311 954 1348 inde
992 1311 1118 1357 colligi
1157 1314 1301 1358 potest,
1343 1309 1446 1358 quod
1482 1310 1667 1358 pecuniae
1704 1309 1805 1355 illae,

312 1384 409 1420 quae
439 1372 486 1409 ab
517 1372 702 1409 insulanis
732 1373 952 1419 exiguntur,
990 1372 1116 1409 nullae
1153 1372 1251 1410 aliae
1282 1384 1365 1410 esse
1393 1377 1572 1421 possunt,
1607 1373 1681 1410 nisi
1710 1383 1805 1420 quas

309 1446 586 1483 saepenumero
629 1436 767 1472 scimus
810 1448 855 1473 ex
895 1436 1046 1473 aerario
1080 1435 1270 1482 Apollinis
1305 1446 1416 1474 sacro
1452 1447 1521 1484 per
1563 1435 1805 1474 administra-

310 1499 425 1536 tionis
456 1499 595 1535 atticae
631 1504 806 1546 tempora
845 1503 1015 1546 sumptas
1050 1503 1224 1543 mutuas,
1261 1498 1455 1536 debitores
1490 1509 1580 1536 vero
1615 1510 1689 1537 non
1718 1502 1807 1536 sunt

312 1561 420 1598 nobis
449 1562 590 1608 cogniti
620 1565 774 1608 praeter
801 1559 1006 1607 Cycladum
1036 1560 1182 1597 incolas
1211 1560 1283 1597 nisi
1304 1559 1471 1607 Carystii
1501 1564 1539 1597 et
1558 1559 1682 1598 Icarii.
1732 1559 1806 1597 Sed

311 1625 369 1662 his
399 1636 473 1661 non
504 1624 660 1661 multum
689 1622 920 1671 proficimus,
950 1624 1021 1659 nisi
1052 1634 1126 1670 quo
1154 1627 1324 1670 tempore
1355 1622 1488 1660 titulus
1517 1621 1636 1671 lapidi
1664 1622 1806 1660 incisus

311 1689 372 1733 sit,
402 1688 686 1734 investigamus,
717 1691 754 1723 et
782 1685 984 1724 dolendum
1015 1697 1106 1723 sane
1136 1689 1205 1732 est,
1245 1685 1347 1733 quod
1375 1685 1514 1723 lacuna
1541 1685 1679 1724 hausta
1706 1690 1807 1732 sunt,

311 1762 409 1798 quae
439 1755 527 1788 ante
550 1750 759 1787 Ptolemaei
782 1761 916 1787 nomen
937 1749 973 1785 in
1000 1748 1127 1796 lapide
1147 1749 1350 1786 exstabant
1378 1747 1506 1795 verba,
1535 1752 1578 1785 ut
1605 1749 1703 1786 scire
1731 1760 1807 1787 non

311 1813 445 1855 liceat,
482 1816 606 1848 utrum
642 1811 746 1858 regio
776 1810 891 1847 suerit
919 1811 1070 1848 nomine
1099 1810 1316 1858 appellatus
1346 1822 1475 1849 necne.
1530 1811 1625 1849 Mihi
1654 1811 1807 1860 quidem

312 1886 410 1923 quae
445 1874 723 1912 verisimillima
760 1873 956 1920 videntur,
1000 1874 1093 1911 haec
1131 1877 1235 1910 sunt:
1280 1874 1457 1921 quoniam
1493 1886 1540 1912 ex
1574 1875 1658 1922 ipso
1695 1874 1806 1912 titulo

312 1942 420 1986 patet
449 1949 575 1975 rerum
606 1941 745 1974 statum
776 1936 961 1974 eiusmodi
991 1936 1120 1982 fuisse,
1149 1940 1191 1973 ut
1212 1935 1346 1974 liceret
1365 1936 1486 1974 Deliis
1507 1941 1545 1975 et
1573 1936 1621 1975 ab
1642 1937 1807 1985 Aegypti

310 2000 506 2049 praefecto
527 2001 709 2038 auxilium
731 2005 862 2047 petere
885 2004 922 2037 et
942 2000 1231 2037 Atheniensium
1254 1998 1389 2038 officiis
1410 2001 1478 2047 uti,
1506 2000 1568 2038 vix
1588 1999 1692 2039 aliud
1712 2005 1804 2039 tem-

314 2075 387 2112 pus
416 2064 534 2110 magis
564 2064 740 2101 idoneum
771 2064 931 2101 inveniri
961 2069 1089 2111 potest
1117 2075 1229 2111 quam
1257 2064 1443 2102 Demetrii
1472 2063 1651 2102 Phalerei
1679 2061 1807 2113 ἐπεμέ·
1838 2068 1842 2072 ·

319 2126 399 2163 λεια
427 2138 524 2175 quae
554 2126 694 2164 dicitur
722 2127 979 2173 Athenarum,
1007 2139 1090 2173 cum
1122 2132 1159 2165 et
1190 2129 1283 2165 haec
1310 2127 1444 2165 civitas
1473 2125 1692 2165 Cassandro
1720 2125 1807 2164 sub-

315 2189 396 2228 dita
434 2195 472 2228 et
499 2190 620 2228 Delus
656 2189 937 2228 necessitudine
973 2191 1085 2228 etiam
1123 2190 1286 2238 quadam
1322 2193 1381 2234 (ut
1408 2193 1518 2228 caute
1547 2188 1687 2231 dicam>
1723 2199 1807 2227 cum

314 2264 360 2290 ea
387 2254 591 2291 coniuncta
623 2264 647 2291 a
674 2253 885 2291 Ptolemaei
923 2253 1096 2300 partibus
1134 2257 1281 2291 starent
1314 2253 1506 2300 Antigono
1536 2252 1807 2300 Demetrioque

313 2315 447 2354 ambae
477 2316 666 2362 infensam
702 2317 762 2354 vix
793 2318 890 2354 enim
927 2328 972 2354 ac
1000 2329 1046 2354 ne
1077 2318 1137 2354 vix
1167 2317 1319 2365 quidem
1354 2319 1443 2364 post
1477 2315 1651 2353 Athenas
1683 2325 1708 2353 a
1734 2313 1808 2352 De-

312 2380 447 2418 metrio
477 2379 694 2416 Poliorceta
730 2379 912 2417 liberatas
950 2379 1121 2417 licuisset
1150 2379 1360 2417 Ptolemaei
1396 2378 1528 2417 amicis
1556 2375 1744 2416 sacrificia
1770 2377 1809 2414 in

315 2454 404 2480 arce
438 2441 662 2479 Atheniensi
702 2441 830 2479 facere
869 2454 989 2489 eaque
1025 2454 1094 2489 pro
1139 2442 1260 2479 salute
1297 2442 1398 2489 regis
1435 2440 1581 2479 Sidonii
1616 2441 1808 2488 Antigono

317 2504 472 2553 filioque
507 2505 587 2542 eius
624 2506 892 2551 inimicissimi,
936 2517 1058 2553 neque
1094 2506 1199 2552 prius
1235 2505 1454 2542 immutatus
1490 2507 1549 2541 est
1581 2502 1642 2540 liic
1681 2513 1807 2540 rerum

314 2574 457 2615 status,
498 2579 609 2616 quam
647 2579 747 2606 anno
779 2569 933 2606 Diotimi
969 2569 1162 2606 archontis
1193 2574 1298 2610 (287)
1337 2567 1588 2606 Athenienses
1616 2565 1808 2614 Olympio-

314 2632 408 2669 doro
438 2631 533 2668 duce
562 2631 795 2678 praesidium
818 2631 1015 2678 Demetrii,
1046 2632 1082 2668 in
1112 2631 1273 2668 Musaeo
1302 2630 1540 2668 collocatum.
1569 2628 1809 2676 expulissent

405 2765 432 2810 ⁴)
460 2763 549 2797 Bull.
576 2762 607 2796 (l.
635 2764 730 2797 Corr.
760 2762 849 2796 llell.
879 2762 937 2805 lv,
964 2773 994 2805 p.
1022 2764 1097 2795 327.
