1957 3326
851 283 1127 324 ..56-

241 410 506 455 constitutum,
536 413 673 457 quarto
694 412 820 447 autem
840 408 954 445 aliam
983 419 1067 445 esse
1088 408 1232 454 initam,
1261 418 1374 455 quam
1403 418 1524 455 usque
1553 406 1602 445 ad
1629 405 1742 445 huius

246 471 389 508 saeculi
426 471 568 508 exitum
605 470 684 507 fere
713 470 972 518 permansisse
1007 469 1097 506 licet
1132 468 1290 507 credere
1320 470 1408 508 inde
1437 469 1486 508 ab
1517 469 1590 508 hoc
1617 468 1743 508 Sciro-

248 533 432 581 phorione
461 543 589 570 mense
619 532 708 570 anni
738 531 895 569 secundi
924 530 1163 579 Olympiadis
1196 537 1260 570 101
1300 534 1360 577 (=
1390 534 1462 571 374
1492 543 1525 571 a.
1555 531 1646 570 Chr.
1674 534 1742 576 n.).

348 595 426 633 Iam
455 606 502 632 ex
530 594 608 642 his,
645 606 743 642 quae
779 606 825 632 ex
860 594 972 632 titulo
1008 597 1139 632 nostro
1167 593 1371 642 desumpta
1403 595 1533 642 attuli,
1568 594 1744 632 conicere

243 658 345 704 licet,
374 661 416 695 ut
444 669 563 706 supra
591 657 683 704 dixi,
713 669 788 696 non
809 661 897 696 ante
914 657 1113 696 Nausinici
1133 668 1273 695 annum
1294 657 1369 702 (01.
1387 662 1470 705 100,
1486 662 1508 696 3
1525 671 1567 686 =
1582 657 1744 702 3⁷8l7'1)

243 720 426 767 templum
455 720 645 758 deliacum
674 719 745 758 sub
771 719 1062 757 Atheniensium
1091 723 1322 767 potestatem
1350 718 1526 766 rediisse,
1553 729 1638 757 cum
1667 729 1745 757 am·

243 782 488 830 phictyonum
520 793 654 820 munus
684 787 819 820 contra
848 783 1050 830 pristinam
1085 781 1400 820 consuetudinem
1434 793 1505 830 per
1539 781 1746 820 triennium

245 848 491 893 prorogatum
522 844 662 882 indicio
698 846 748 882 sit
783 844 1112 883 extraordinarios
1149 844 1335 892 quosdam
1369 844 1439 883 hos
1475 843 1594 883 fuisse
1629 844 1747 892 magi-

246 912 408 954 stratus;
445 906 511 946 sed
541 908 684 945 certius
712 906 777 945 fiet
805 912 976 945 nostrum
1007 907 1053 945 de
1088 907 1161 945 hac
1195 919 1236 944 re
1273 906 1475 953 iudicium,
1511 908 1543 945 si
1576 906 1747 946 rationes

246 972 350 1018 ipsas
379 970 427 1009 ab
462 971 537 1008 illis
572 970 711 1007 litteris
748 970 949 1008 mandatas
985 969 1325 1017 perscrutabimur.
1391 968 1626 1007 Boeckhium
1659 969 1748 1016 iam,

246 1033 596 1081 praeclarissimum
625 1033 720 1070 artis
750 1032 1020 1080 epigraphicae
1055 1033 1298 1080 magistrum,
1335 1031 1515 1079 offendit,
1551 1030 1650 1080 quod
1686 1030 1749 1069 dei

249 1096 332 1143 agri
369 1107 439 1142 per
482 1094 578 1132 duos
625 1094 746 1132 solum
785 1105 926 1141 annos,
970 1093 1146 1133 aedificia
1186 1106 1257 1142 per
1296 1105 1410 1132 unum
1454 1105 1595 1133 annum
1636 1093 1750 1131 huius

247 1158 403 1195 triennii
431 1157 559 1195 locata
587 1155 886 1203 dicerentur‚2⁰)
923 1155 1143 1204 frustraque
1179 1155 1361 1204 expedire
1396 1154 1659 1194 difficultatem
1694 1156 1751 1194 ita

249 1224 307 1258 est
342 1224 522 1267 conatus,
564 1224 607 1257 ut
643 1219 838 1267 aedificia,
881 1231 1043 1268 quorum
1086 1230 1233 1258 merces
1277 1230 1405 1258 annua
1445 1219 1507 1257 hic
1546 1219 1750 1266 indicatur,

249 1281 512 1321 Charisandro
541 1282 691 1320 demum
720 1282 904 1321 archonte
933 1283 971 1320 in
1000 1282 1062 1321 dei
1099 1286 1329 1330 potestatem
1366 1283 1515 1320 venisse
1550 1284 1751 1328 statueret,

250 1358 325 1394 quo
360 1357 459 1385 anno
492 1345 691 1384 Deliorum
728 1345 875 1394 aliquot
912 1346 1120 1394 impietatis
1156 1346 1313 1384 crimine
1348 1345 1615 1384 damnatorum
1649 1344 1751 1382 bona

249 1409 447 1458 publicata
475 1407 672 1456 essent 21)
735 1409 820 1456 Qua
847 1410 885 1446 in
921 1421 962 1447 re
998 1409 1137 1447 nollem
1166 1409 1487 1458 Dittenbergerus
1523 1419 1608 1447 eum
1643 1418 1751 1446 secu·

251 1477 313 1510 tus
342 1470 522 1517 esset222)
558 1472 631 1510 iam
663 1472 760 1509 enim
790 1470 946 1510 Cratete
975 1471 1159 1510 archonte
1188 1472 1249 1510 dei
1277 1471 1396 1510 fuisse
1426 1472 1566 1510 scimus
1593 1471 1754 1520 propria

252 1534 428 1574 aedificia
456 1534 603 1582 aliquot
632 1538 670 1572 et
697 1535 736 1572 in
772 1546 902 1572 eorum
937 1535 1132 1582 catalogo,
1170 1535 1234 1582 qui
1269 1538 1401 1573 nostro
1435 1534 1547 1572 titulo
1580 1537 1752 1572 extremo

251 1601 308 1636 est
337 1596 633 1644 subiunctus,2³)
671 1598 770 1635 inter
798 1598 983 1645 pristinos
1011 1597 1184 1636 dominos
1213 1609 1260 1635 ne
1289 1608 1405 1635 unum
1434 1596 1587 1645 quidem
1622 1599 1751 1634 exstat

252 1661 427 1698 damnati
457 1661 681 1708 cuiusquam
711 1671 858 1698 nomen.
920 1660 1085 1698 Gravius
1113 1661 1227 1698 etiam
1256 1664 1315 1698 est
1349 1659 1405 1704 (id
1433 1659 1536 1708 quod
1563 1659 1753 1697 neminem

252 1722 378 1761 adhuc
407 1722 723 1760 animadvertisse
753 1723 916 1760 maxime
946 1723 1093 1768 miror),
1123 1721 1237 1769 quod,
1267 1733 1351 1759 cum
1374 1726 1600 1770 quaestores
1621 1732 1753 1760 omnes

252 1809 300 1814 -
329 1797 557 1834 quocunque
586 1785 833 1833 appellantur
862 1787 1016 1822 nomine
1045 1806 1094 1812 —
1122 1784 1267 1832 alioqui
1295 1795 1446 1832 semper
1473 1785 1512 1822 in
1539 1783 1754 1823 rationibus

253 1847 460 1887 reddendis
490 1847 777 1895 perscriberent
805 1852 893 1885 ante
922 1851 1064 1893 cetera,
1095 1851 1278 1895 quantam
1300 1848 1548 1895 pecuniarum
1569 1857 1753 1886 summam

253 1912 347 1949 inito
375 1911 603 1958 magistratu
633 1915 671 1948 et
705 1921 727 1948 a
763 1910 902 1958 quibus
938 1911 1196 1958 accepissent,
1236 1909 1274 1947 hi
1308 1909 1596 1958 amphictyones
1631 1921 1755 1958 neque

254 1975 394 2022 prioris
431 1974 580 2021 collegii
618 1974 846 2012 mentionem
883 1974 999 2012 ullam
1039 1972 1232 2020 fecerunt,
1275 1977 1314 2011 et
1355 1984 1402 2011 ne
1444 1984 1559 2012 unam
1601 1973 1754 2021 quidem

253 2037 473 2075 drachmam
503 2037 540 2074 in
571 2037 722 2074 aerario
753 2047 862 2075 sacro
890 2037 1084 2074 invenisse
1114 2035 1301 2074 videntur.
1365 2035 1472 2082 Quae
1508 2033 1754 2074 difficultates

262 2099 374 2139 facile
403 2109 533 2136 omnes
562 2098 760 2145 tolluntur,
791 2100 822 2136 si
851 2099 920 2136 hos
950 2097 1067 2151 fuisse
1096 2100 1279 2136 sumimus
1300 2099 1445 2146 primos
1465 2097 1756 2137 Atheniensium

259 2161 548 2210 amphictyones
578 2165 667 2209 post
695 2162 949 2209 interruptam
979 2160 1214 2209 aliquamdiu
1242 2162 1490 2209 magistratus
1526 2161 1664 2199 seriem
1692 2160 1758 2200 de-

258 2236 332 2262 nuo
362 2225 575 2263 institutos:
607 2225 790 2272 pecunias
820 2224 906 2262 illas
935 2235 1010 2262 non
1036 2224 1091 2262 ita
1117 2234 1285 2271 magnas,
1315 2224 1470 2271 quasin
1490 2224 1641 2262 aerario
1661 2224 1756 2263 inito

259 2288 486 2335 magistratu
517 2289 769 2332 invenissent,
804 2286 926 2324 Deliis
955 2299 1020 2324 eos
1049 2286 1164 2324 credo
1193 2287 1414 2334 permisisse
1443 2297 1521 2325 una
1547 2297 1632 2324 cum
1660 2297 1757 2324 mer-

255 2350 413 2389 cedibus
442 2350 687 2398 praediorum
717 2350 766 2388 ab
802 2350 877 2388 illis
915 2351 1029 2388 etiam
1066 2350 1301 2397 locatorum,
1337 2361 1357 2387 e
1392 2349 1533 2398 quibus
1569 2347 1759 2388 sacrificia

257 2412 306 2449 τὰ
346 2412 448 2450 κατὰ
482 2414 583 2463 μῆνα
624 2418 926 2461 procurarentur
966 2414 1142 2461 aliaeque
1178 2414 1372 2461 impensae
1406 2413 1574 2451 minores
1608 2410 1757 2457 fierent,

348 2567 396 2610 20)
421 2566 509 2601 Ibid.
535 2571 606 2600 ant.
634 2577 665 2610 p.
694 2566 752 2600 lin.
778 2567 923 2601 27—30.

348 2624 394 2668 21)
422 2623 670 2658 Staatshaush.
695 2622 726 2656 d.
753 2622 883 2657 Athen.
911 2622 978 2666 11³,
1005 2633 1036 2666 p.
1051 2624 1105 2658 83.

350 2680 396 2724 22)
424 2680 508 2725 Syll.
535 2680 647 2716 Inscr.
672 2680 797 2715 Graec.
824 2680 850 2722 Ι,
875 2681 929 2724 70,
955 2685 1027 2714 not.
1045 2681 1099 2714 21.

351 2737 396 2779 ²³)
424 2736 550 2772 Mai-m.
579 2737 717 2772 Sandw.
745 2742 834 2782 post.
862 2748 895 2782 p.
922 2736 980 2772 lin.
1000 2740 1040 2772 31
1058 2747 1133 2781 sqq.
