1957 3293
882 307 1186 349 —206—

391 432 485 469 Cum
515 431 615 469 sacri
644 433 786 469 aerarii
823 430 1200 469 administratoribus
1237 434 1347 468 arcta
1382 429 1666 468 necessitudine
1699 440 1788 468 con·

289 497 456 533 iunctum
478 494 596 532 fuisse
616 494 799 532 credibile
821 500 879 532 est
901 493 978 530 τόν
1006 490 1078 530 ἐπὶ
1099 491 1176 543 τὴν
1195 492 1425 543 δημοσίαν
1454 490 1690 542 τράπεζαν
1709 493 1789 543 τὴν

289 555 336 594 ἐν
372 556 520 607 Δήλῳ,
563 558 626 604 qui
669 562 988 594 commemoratur
1030 567 1114 594 cum
1150 557 1188 593 111
1231 555 1420 607 ἀπαρχῶν
1455 555 1590 594 tabula
1631 556 1787 604 saepius

289 620 503 667 appellata,
539 624 617 657 tum
654 621 770 657 semel
800 621 913 657 etiam
949 620 987 656 in
1023 619 1135 656 titulo
1164 618 1250 656 Deli
1288 617 1523 665 reperto-¹²¹)
1579 617 1701 664 Quem
1741 628 1789 656 ex

289 685 372 732 ipso
417 685 567 721 nomine
604 687 770 731 apparet
804 683 1035 720 successisse
1071 682 1108 718 in
1151 681 1274 719 locum
1309 681 1590 729 negotiatorum
1634 680 1788 718 illorum

289 745 571 793 (Nymphodori
601 745 892 792 Heraclidisqne
928 755 1011 781 cum
1048 744 1241 791 collegis),
1277 744 1341 791 qui
1370 744 1514 782 liberae
1548 742 1787 791 reipublicae

288 814 462 856 tempore
498 820 573 856 quo
609 807 734 846 officio
769 807 889 845 functi
924 808 1019 853 siut,
1065 817 1183 853 supra
1217 807 1473 854 exposuimus.
1538 805 1614 844 Sed
1649 804 1697 844 de
1731 804 1790 843 his

289 871 592 918 negotiatoribus
621 883 704 910 cum
736 871 892 909 dubium
922 881 997 908 non
1027 871 1087 916 sit,
1118 870 1210 917 quin
1239 870 1410 907 homines
1438 870 1579 918 privati
1607 880 1697 908 suas
1726 880 1788 907 res

289 938 466 982 gerentes
496 933 616 971 eidem
638 933 873 981 reipublicae
904 944 1055 980 quoque
1085 931 1212 970 officia
1240 943 1310 970 sua
1329 933 1608 980 praestiterint,
1637 933 1789 971 minime

288 1001 439 1035 constat
474 995 538 1032 τὸν
573 994 632 1032 ἐπὶ
671 995 734 1046 τὴν
769 994 954 1045 δημοσίαν
991 994 1183 1043 τράπεζαν
1225 996 1491 1043 magistratum
1532 1007 1610 1034 nou
1648 994 1791 1042 fuisse3

290 1071 376 1098 nam
413 1064 450 1097 et
478 1060 578 1096 inter
615 1059 710 1096 alios
739 1059 986 1105 magistratus
1024 1063 1153 1096 certos
1188 1062 1507 1097 commemoratur
1534 1059 1573 1097 in
1601 1057 1788 1109 ἀπαρχῶν

290 1123 423 1160 tabula
450 1133 575 1169 neque
605 1133 765 1169 usquam
787 1121 968 1158 discimus
998 1133 1081 1159 eum
1111 1133 1182 1168 per
1202 1122 1418 1169 complures
1447 1133 1568 1160 annos
1589 1123 1790 1160 continuos

290 1190 348 1227 (ut
383 1186 470 1223 illos
505 1186 780 1232 negotiatores)
820 1196 976 1222 munere
1011 1184 1181 1222 functum
1211 1196 1313 1231 esse,
1355 1185 1458 1233 quod
1493 1190 1597 1224 esset
1641 1186 1791 1234 signum

290 1249 465 1295 privatae
502 1247 665 1285 hominis
702 1247 950 1286 condicionis.
1005 1247 1141 1285 Multis
1177 1251 1281 1285 certe
1316 1248 1355 1285 in
1383 1247 1605 1286 civitatibus
1641 1248 1791 1296 graecis

291 1310 399 1357 Tem,
431 1310 571 1358 Cyzici,
600 1311 734 1348 Temni
764 1312 818 1356 (111
846 1310 1036 1356 Aeolide),
1065 1311 1150 1348 aliis
1179 1312 1319 1348 scimus
1348 1309 1466 1349 fuisse
1495 1312 1720 1358 mensarios,
1749 1313 1793 1348 ut

291 1384 356 1410 eos
377 1373 512 1412 Cicero
541 1375 723 1422 appellat,
755 1375 820 1422 qui
847 1375 1094 1421 magistratus
1115 1378 1245 1412 essent
1263 1373 1417 1421 publice
1445 1375 1579 1421 creati,
1607 1375 1716 1413 cuius
1735 1374 1792 1412 rei

289 1438 411 1475 multa
439 1439 659 1476 testimonia
687 1439 850 1476 contulit
877 1438 1046 1475 Frankel
1082 1438 1120 1474 in
1149 1438 1295 1475 recenti
1324 1436 1490 1475 editione
1524 1436 1791 1476 Boeckhianae

293 1502 572 1540 »Oeconomiae
595 1502 886 1539 Atheniensium
908 1499 1194 1548 publicaeu.¹²2)
1238 1499 1313 1538 Sed
1334 1500 1437 1548 quod
1464 1500 1565 1538 idem
1585 1499 1791 1538 verisimile

290 1564 363 1602 sibi
394 1564 513 1601 videri
543 1565 636 1602 dicit
665 1564 732 1601 τὸν
759 1562 816 1601 ἐπὶ
838 1564 904 1614 τὴν
932 1563 1116 1614 δημοσίαν
1137 1562 1339 1612 τράπεζαν,
1369 1565 1433 1611 qui
1453 1564 1616 1602 Athenis
1638 1573 1792 1611 quoque

292 1626 542 1674 occurrit,¹²³)
565 1639 770 1675 numquam
791 1627 909 1665 fuisse
932 1628 1207 1674 magistratum,
1229 1626 1346 1671 nulla,
1375 1625 1479 1674 quod
1498 1627 1630 1673 sciam,
1660 1625 1794 1664 attulit

292 1691 483 1737 opinionis
506 1703 598 1728 suae
619 1695 858 1738 argumenta.
902 1689 1012 1736 Quod
1041 1690 1073 1727 si
1094 1693 1240 1727 certum
1262 1692 1375 1735 esset,
1405 1689 1518 1726 etiam
1547 1687 1595 1726 de
1616 1687 1790 1727 deliacae

293 1764 446 1790 mensae
476 1754 653 1801 publicae
682 1753 1014 1791 administratione
1035 1752 1225 1790 dubitatio
1254 1753 1376 1790 omnis
1397 1752 1617 1790 tolleretur:
1647 1762 1735 1790 nam
1756 1751 1792 1789 si

292 1813 313 1849 ὁ
343 1815 569 1866 τραπεζᾶής
603 1816 840 1854 atheniensis
878 1817 987 1854 homo
1025 1819 1110 1853 erat
1143 1816 1317 1862 privatus
1350 1819 1393 1853 ut
1427 1816 1686 1863 negotiatores
1722 1813 1793 1860 illi,

292 1879 516 1926 quibuscum
554 1879 749 1926 hieropoei
787 1880 875 1916 olim
912 1879 1050 1917 deliaci
1086 1882 1263 1926 egerant,
1301 1879 1365 1926 qui
1403 1877 1543 1916 factum
1582 1881 1663 1925 est,
1702 1880 1746 1914 ut
1772 1874 1794 1912 ὁ

293 1938 352 1977 ἐπὶ
386 1940 451 1991 τὴν
487 1941 672 1991 δημοσίαν
709 1940 897 1990 τράπεζαν
932 1939 997 1990 τὴν
1033 1938 1076 1977 ἐν
1111 1939 1221 1990 Δήλῳ
1264 1944 1353 1988 post
1385 1941 1550 1979 insulam
1592 1939 1795 1978 subactam

293 2081 442 2115 eamque
469 2071 513 2106 ob
538 2081 683 2106 causam
708 2071 826 2106 insula
852 2071 990 2115 pulsus)
1015 2069 1222 2115 Σωτήριχος
1241 2070 1427 2104 Διονυσίου
1448 2067 1581 2108 Νάξιος
1603 2067 1656 2108 εἴς
1671 2080 1712 2103 τε
1730 2068 1794 2102 τὸν

292 2129 471 2162 ἐπίλοιπον
506 2130 639 2174 χρόνον
675 2131 738 2162 τοῦ
771 2129 934 2162 ἐνιαυτοῦ
969 2129 1024 2161 καὶ
1056 2128 1119 2166 εἰς
1151 2127 1226 2172 ἔτη
1259 2132 1391 2160 πέντε
1422 2128 1466 2161 τὰ
1499 2127 1594 2170 μετὰ
1624 2125 1792 2173 ἄρχοντα

291 2185 557 2231 Ἀννῖεστήριον-
595 2185 723 2229 ἔγγυος
747 2183 919 2230 ’Ἄδμητος
946 2185 1134 2219 Διονυσίου
1156 2183 1442 2229 Ἀπολλωνιάτης.
1492 2184 1546 2220 De
1579 2183 1699 2219 fundis
1724 2184 1796 2218 iam

293 2243 366 2278 dixi
393 2243 481 2277 nihil
508 2254 571 2277 nos
597 2249 815 2287 compertum
840 2243 990 2285 habere,
1023 2241 1196 2286 pecuniae
1223 2247 1341 2276 autem
1363 2241 1400 2276 in
1426 2241 1583 2286 quinque
1609 2251 1732 2286 annos,
1757 2245 1798 2276 ut

293 2305 401 2334 antea
433 2300 539 2334 etiam
572 2310 646 2334 mos
673 2305 767 2343 erat,
801 2299 938 2333 foenori
971 2299 1165 2333 dabantur:
1202 2296 1384 2344 Ἀμμωνίῳ
1418 2296 1536 2345 Συρίῳ
1569 2298 1728 2334 οἰκοῦντι
1757 2297 1796 2330 ἐν

293 2357 396 2402 Δήλῳ
421 2356 559 2398 (cadem
586 2357 735 2401 ratione,
761 2366 832 2400 qua
850 2356 1047 2399 inquilinus
1074 2356 1108 2390 in
1127 2355 1250 2390 Attica
1275 2355 1463 2390 dicebatur
1487 2355 1595 2389 οἰκῶν
1615 2354 1653 2389 ἐν
1680 2380 1796 2390 .....

294 2414 378 2458 pagi
404 2414 543 2448 nomine
570 2413 706 2455 addito)
738 2415 804 2446 τοῦ
831 2414 929 2456 ἱεροῦ
957 2413 1131 2456 ἀργυρίου
1158 2413 1380 2456 (ἐδάνεισαν)
1406 2412 1570 2458 δραχμὰς
1595 2439 1603 2447 .
1629 2439 1636 2447 .
1663 2439 1671 2447 .
1697 2438 1705 2447 .
1732 2411 1798 2451 εἰς

295 2471 370 2514 ἔτη
403 2472 540 2504 πέντε
574 2471 686 2504 τόκων
722 2471 942 2503 ἐπιιῖεκάτων
983 2475 1038 2509 (111
1071 2469 1140 2503 iam
1175 2474 1336 2513 tempore
1370 2468 1691 2505 administrationis
1723 2478 1796 2503 am-

295 2528 562 2573 phictyonicae,
601 2527 728 2562 deinde
763 2527 896 2562 liberae
928 2527 1084 2561 civitatis
1118 2526 1277 2561 deliacae
1309 2526 1504 2569 assolebat)
1536 2527 1594 2560 ἐπὶ
1627 2526 1798 2571 ὑποθήκη

295 2586 408 2623 οἰκίας
433 2588 492 2627 (ex
518 2585 677 2619 eiusdem
704 2585 797 2618 tituli
824 2585 988 2619 columna
1013 2585 1130 2619 altera
1155 2583 1360 2619 Callistrato
1387 2582 1558 2618 archonte
1585 2583 1744 2627 scripta).

390 2643 450 2683 ¹2¹)
476 2642 602 2676 C.I.A.
623 2642 666 2683 ΙΙ,
684 2645 761 2685 985,
780 2641 904 2684 fragm.
922 2641 961 2675 D.
981 2641 1088 2684 col.1‚
1106 2640 1166 2675 lin.
1185 2644 1245 2684 ³13
1271 2640 1338 2674 col.
1353 2639 1399 2684 11,
1417 2639 1477 2674 lin.
1504 2642 1544 2675 10
1560 2643 1597 2675 et
1612 2639 1739 2684 fragm.
1754 2639 1795 2675 E.

296 2699 360 2733 col.
379 2699 423 2742 11,
451 2699 510 2733 lin.
527 2702 587 2742 553
613 2697 706 2732 Bull.
732 2697 764 2731 11.
791 2698 888 2732 Corr.
915 2698 1005 2732 Hell.
1033 2697 1093 2741 IV,
1119 2708 1152 2741 p.
1171 2700 1248 2731 221.
1345 2696 1405 2741 Ιθ’)
1430 2696 1588 2732 Staatsh.
1607 2695 1640 2732 d.
1658 2696 1793 2733 Athen.

296 2755 341 2799 11,
367 2767 399 2800 p.
417 2758 495 2800 319,
520 2760 591 2790 not.
610 2757 641 2790 2.
783 2755 843 2798 ¹2³)
870 2755 906 2789 C.
923 2754 948 2788 1.
964 2755 1006 2789 A.
1025 2753 1071 2798 11,
1098 2753 1208 2798 834b‚
1233 2753 1293 2788 lin.
1311 2756 1342 2788 4.
