1957 3293
915 282 1221 321 -144-

328 406 531 445 verisimile
565 405 758 443 videatur:
792 416 862 453 pro
897 405 1035 453 quibus
1071 405 1168 442 enim
1204 404 1318 442 rebus
1345 404 1394 443 ad
1421 405 1559 444 choros
1586 407 1654 444 aut
1679 404 1813 444 chora-

328 470 425 517 giam
448 469 726 517 pertinentibus
753 469 894 516 templo
922 479 1067 506 merces
1095 467 1333 506 solveretur?
1379 467 1455 506 Pro
1482 473 1562 506 toto
1589 471 1812 506 ornamento

329 531 413 569 dico
444 537 482 568 et
509 536 696 579 apparatu
725 531 895 569 sollemni
924 533 961 569 in
989 531 1131 578 templo
1159 535 1353 569 asservato
1381 529 1518 578 deique
1544 530 1720 578 proprio,
1747 530 1813 578 qui

330 595 532 642 quotannis
560 594 735 642 choragis
769 595 1062 642 permittebatur
1095 594 1144 632 ad
1171 593 1307 631 choros
1335 605 1424 632 suos
1451 593 1707 632 instruendos.
1762 594 1815 632 At

330 669 398 696 cur
417 669 440 695 a
460 658 615 695 civitate
634 668 778 695 merces
799 656 1042 704 penderetur,
1063 668 1138 694 non
1158 667 1181 694 a
1206 656 1395 704 choragis‚
1423 656 1489 704 qui
1515 655 1565 694 ad
1591 655 1664 694 hoc
1690 656 1814 704 ipsum

330 719 588 767 eligebantur,
623 724 665 756 ut
698 719 913 770 λειτουργίᾳ
949 731 1018 758 sua
1058 718 1328 767 rempublicam
1370 717 1640 757 sublevarent?
1701 717 1814 756 Certe

330 784 493 830 pecunia
527 782 622 821 haec
656 794 678 820 a
712 783 887 830 choragis
922 789 979 821 est
1012 794 1132 830 pensa
1167 788 1205 820 et
1239 782 1382 820 tradita
1413 785 1561 820 tantum
1596 793 1667 829 per
1700 792 1814 830 quae·

331 851 453 883 stores
490 868 538 873 —
573 857 641 893 per
676 850 921 893 quaestores,
957 857 1031 883 non
1066 857 1135 893 per
1169 845 1414 893 hieropoeos,
1447 845 1626 892 quoniam
1660 844 1817 893 choragi

332 910 405 957 ipsi
447 921 597 956 quoque
633 910 671 946 in
705 909 897 947 archontis
933 910 1174 956 civitatisque
1203 912 1313 946 erant
1338 912 1546 956 potestate,
1582 918 1658 946 non
1683 907 1816 955 templi

333 972 695 1010 administratorum.
737 973 863 1020 Atque
883 972 1148 1010 documentum
1170 972 1282 1009 huius
1302 972 1358 1008 rei
1375 970 1467 1008 mihi
1487 969 1635 1008 videtur
1662 974 1814 1008 exstare

333 1036 601 1073 certissimum:
622 1036 660 1072 in
676 1035 788 1073 titulo
809 1036 907 1073 enim
927 1035 1140 1082 choragico,
1160 1035 1224 1081 qui
1241 1032 1399 1072 Callimo
1418 1033 1601 1071 archonte
1621 1037 1681 1071 est
1698 1033 1817 1080 scrip-

333 1103 414 1145 tus,
455 1099 613 1146 legimus
654 1099 836 1151 choragos
876 1098 970 1135 duos
1016 1098 1238 1146 (inquilinos
1279 1097 1459 1135 Demeam
1501 1100 1541 1134 et
1575 1095 1817 1144 Dionysium)

334 1163 656 1207 vestimentorum,
686 1161 823 1209 quibus
852 1161 1046 1209 Dionysiis
1075 1165 1203 1198 essent
1228 1161 1306 1207 usi,
1333 1159 1528 1198 mercedes
1555 1170 1632 1197 non
1660 1158 1817 1197 solvisse

335 1223 415 1268 (καὶ
435 1224 512 1260 τῶν
533 1224 692 1274 ἱματίων
713 1223 802 1266 τοὺς
819 1222 988 1274 μισθοὺς
1007 1221 1076 1260 οὐκ
1095 1221 1284 1260 ἀπέδοντο
1304 1222 1380 1259 τῶν
1398 1221 1455 1264 εἷς
1473 1221 1522 1259 τὰ
1535 1219 1818 1268 Διονύσιαῃῑη)

336 1299 434 1335 quae
455 1289 681 1326 vestimenta
708 1293 810 1325 certe
837 1299 959 1335 neque
986 1288 1163 1335 privatim
1192 1291 1302 1325 erant
1327 1287 1375 1325 ab
1403 1287 1450 1324 iis
1477 1288 1700 1334 comparata
1727 1288 1818 1328 (non

336 1351 433 1388 enim
460 1351 645 1388 intererat
672 1351 877 1397 archontis‚
907 1356 1032 1388 utrum
1060 1351 1224 1398 pretium
1252 1354 1354 1388 esset
1380 1349 1545 1387 solutum
1571 1359 1703 1395 necne,
1731 1358 1817 1395 per-

336 1414 503 1452 scribere
539 1416 576 1452 in
610 1415 751 1452 tabulis
787 1414 938 1462 publice
973 1414 1196 1462 propositis)
1232 1424 1355 1460 neque
1388 1411 1540 1460 publice
1574 1412 1621 1449 iis
1654 1409 1819 1456 vendita,

337 1477 405 1515 sed
431 1483 577 1515 tantum
607 1490 653 1515 ex
681 1478 830 1515 aerario
859 1482 897 1514 et
924 1478 1004 1514 sine
1033 1476 1148 1513 dubio
1177 1487 1197 1513 e
1225 1486 1334 1513 sacro
1362 1479 1494 1512 mutua
1520 1473 1570 1512 ab
1596 1474 1643 1512 iis
1670 1477 1821 1521 sumpta

337 1541 396 1577 vel
416 1542 543 1588 potius
563 1541 737 1578 mercede
758 1540 957 1578 conducta.
1002 1540 1080 1577 Iam
1099 1539 1343 1586 intellegitur,
1364 1537 1552 1586 quomodo
1578 1535 1660 1575 fleri
1687 1539 1820 1584 potue-

336 1605 398 1649 rit,
429 1608 470 1640 ut
490 1604 606 1641 tertia
634 1603 703 1639 τοῦ
721 1603 934 1653 χορηγικοῦ
963 1613 1054 1650 pars
1082 1603 1120 1639 in
1148 1602 1337 1640 aerarium
1365 1612 1513 1639 sacrum
1540 1598 1746 1638 inferretur
1772 1598 1821 1637 ab

337 1666 553 1704 hominibus
577 1667 736 1714 privatis
764 1688 812 1693 —
839 1666 994 1713 choragi
1014 1670 1134 1712 erant,
1155 1666 1219 1713 qui
1239 1664 1404 1702 Demeae
1423 1663 1674 1712 Dionysiique
1699 1674 1823 1700 exem-

337 1730 401 1777 plo
420 1729 631 1767 mercedem
653 1730 961 1766 vestimentorum
982 1740 1056 1766 non
1077 1728 1342 1775 persolverant
1361 1728 1460 1765 iusto
1480 1731 1664 1775 tempore,
1689 1730 1824 1775 postea

338 1804 447 1838 vero,
486 1792 632 1840 aliquot
666 1791 828 1829 fortasse
864 1793 973 1830 annis
1007 1792 1236 1838 interiectis,
1271 1791 1470 1839 pecuniam
1503 1802 1574 1839 pro
1609 1801 1680 1828 sua
1713 1793 1823 1838 parte

338 1855 505 1893 debitam
540 1856 578 1892 in
611 1856 801 1893 aerarium
836 1855 1065 1901 intulerunt,
1100 1859 1142 1892 ut
1175 1856 1328 1893 nomina
1362 1866 1432 1893 sua
1465 1866 1485 1892 e
1519 1853 1733 1893 debitorum
1760 1852 1823 1891 dei

339 1920 471 1958 tabula
491 1919 752 1958 eraderentur.
795 1919 930 1957 Omnia
949 1919 1138 1966 spectanti
1157 1918 1430 1956 verisimillima
1448 1917 1541 1956 mihi
1559 1916 1654 1956 haec
1671 1915 1824 1954 videtur

340 1984 437 2022 ratio
466 1983 534 2019 τοῦ
559 1982 774 2034 χορηγικοῦ
803 1986 841 2020 et
868 1993 1003 2020 nomen
1032 1986 1069 2019 et
1097 1982 1169 2018 vim
1198 1980 1426 2029 explicandi.

442 2046 581 2084 Nescio
609 2058 658 2084 an
686 2046 735 2084 ad
763 2046 936 2093 liturgias
965 2045 1078 2082 etiam
1107 2043 1201 2081 illud
1227 2042 1468 2082 referendum
1496 2043 1564 2090 sit,
1592 2041 1695 2090 quod
1722 2042 1824 2080 cives

341 2109 537 2147 divitiores
558 2110 596 2147 in
617 2121 656 2147 se
677 2109 871 2157 suscipere
891 2107 1094 2154 debebant,
1120 2118 1255 2144 munus
1283 2104 1630 2156 προδανειστῶν
1657 2107 1696 2143 et
1721 2103 1826 2141 ἀνα-

342 2170 508 2223 ὃύχων.
562 2172 631 2210 His
665 2172 877 2210 nominibus
913 2171 1224 2219 appellabantur,
1258 2170 1322 2218 qui
1349 2181 1420 2218 pro
1447 2168 1664 2218 republica,
1691 2178 1776 2205 cum
1803 2177 1828 2204 a

344 2235 414 2273 deo
435 2236 632 2282 pecuniam
654 2238 820 2272 mutuam
842 2233 1026 2280 sumebat,
1048 2233 1260 2272 vadimonia
1279 2232 1433 2270 dabant.
1480 2230 1598 2270 Cuius
1625 2231 1683 2270 rei
1708 2233 1827 2268 totam

344 2299 527 2335 rationem
559 2299 764 2336 illustravit
792 2295 1073 2342 Homullius¹2⁸)
1104 2296 1231 2334 allatis
1265 2295 1358 2333 locis
1394 2293 1618 2343 quibusdam
1652 2305 1674 2332 e
1707 2292 1828 2331 titulis

345 2361 510 2399 nondum
532 2362 672 2409 publici
694 2363 786 2399 iuris
806 2361 933 2399 factis:
962 2361 1094 2399 civitas
1114 2361 1212 2398 enim
1232 2370 1307 2397 non
1326 2358 1437 2397 modo
1457 2355 1736 2406 oppignerabat
1756 2354 1828 2393 deo

345 2436 415 2472 pro
443 2426 606 2472 pecunia
642 2429 772 2463 mutua
801 2428 951 2472 sumpta
979 2435 1108 2462 omnes
1136 2422 1282 2461 reditus
1310 2418 1579 2470 publicos‚¹²⁹)
1614 2418 1682 2458 sed
1714 2418 1828 2457 etiam

439 2573 499 2615 ¹²⁷)
524 2573 589 2607 No.
606 2572 650 2605 V:
679 2571 770 2605 Bull.
797 2571 829 2605 d.
855 2569 1158 2613 Corr.Hell.V11,
1183 2579 1216 2613 p.
1239 2570 1311 2612 109,
1335 2567 1396 2602 lin.
1416 2568 1556 2602 17-18.
1652 2564 1713 2608 ¹²⁸)
1737 2564 1830 2600 Bull.

348 2632 380 2666 d.
407 2632 503 2666 Corr.
530 2630 621 2665 Hell.
647 2629 713 2673 Vl,
739 2641 771 2673 p.
789 2632 843 2664 69.
1027 2628 1087 2669 ¹²9)
1112 2626 1306 2662 Sosisthen.
1331 2623 1428 2660 arch.
1452 2628 1518 2659 rat.
1543 2622 1604 2658 lin.
1626 2624 1828 2658 iao—121:

349 2690 585 2729 ἐδανείσαμεν
619 2687 705 2727 (scil.
731 2686 924 2730 hieropoei)
957 2687 1003 2730 τῇ
1028 2685 1129 2718 πόλει
1154 2709 1320 2719 .......
1345 2681 1403 2716 ἐπὶ
1427 2680 1603 2726 ὑποθήκη
1625 2679 1704 2718 ταῖς
1727 2690 1831 2723 προο-

350 2747 443 2785 όδοις
470 2748 546 2784 ταῖς
571 2746 760 2790 δημοσίαις.
