1979 3326
775 309 1086 350 —153-

184 438 316 478 addito
342 439 424 476 noti
452 448 528 475 non
557 440 658 473 sunt.
705 435 840 482 Neque
868 434 991 480 magis
1021 433 1119 470 scire
1148 443 1207 469 me
1236 431 1371 478 fateor,
1401 431 1492 480 quid
1522 431 1596 469 sibi
1624 442 1685 468 ve-

184 503 257 540 lint
276 501 471 549 octoginta
489 499 577 536 illae
607 497 811 536 drachmae
841 497 990 534 scribae
1019 495 1310 542 hieropoeorum
1340 494 1571 542 pensae‚¹⁷¹)
1599 505 1682 531 cum

182 565 216 603 is
247 563 400 612 quidem
428 567 533 601 certe
562 562 612 599 sit
635 572 712 599 non
737 559 913 598 mercede
933 559 1145 597 conductus
1165 580 1214 585 —
1233 557 1397 595 ridicula
1422 568 1513 595 sane
1539 567 1685 594 merces

183 631 287 666 esset
316 626 390 669 1¹l3
418 625 520 664 oboli
549 625 589 662 in
618 623 787 671 singulos
817 622 910 660 dies.

872 927 965 981 VI.

289 1039 383 1078 Cum
404 1041 451 1080 de
470 1046 554 1081 tota
578 1042 814 1090 reipublicae
843 1041 1035 1089 gerendae
1065 1041 1214 1078 ratione
1244 1051 1318 1077 non
1348 1039 1467 1077 multa
1495 1038 1570 1076 dici
1598 1049 1686 1086 pos-

188 1103 265 1140 sint
293 1115 415 1151 eaque
444 1105 520 1142 iam
548 1105 665 1143 variis
693 1105 808 1151 locis,
838 1103 978 1152 quibus
1007 1102 1241 1141 commodius
1271 1106 1329 1140 est
1357 1102 1496 1149 visum,
1526 1113 1687 1139 comme-

187 1170 337 1204 morata
356 1167 444 1214 sint,
472 1167 536 1205 hic
554 1167 723 1206 breviter
749 1178 950 1215 exponam,
971 1167 1163 1215 Apollinis
1191 1166 1375 1214 templum
1405 1166 1564 1214 eiusque
1593 1177 1686 1213 opes

187 1229 377 1277 quomodo
398 1231 475 1268 sint
494 1231 798 1277 administratae,
820 1230 1058 1269 documentis
1078 1241 1170 1267 usus
1194 1229 1355 1276 duobus,
1386 1240 1484 1277 quae
1511 1241 1530 1266 e
1558 1229 1687 1266 multis

188 1304 313 1341 nuper
331 1294 370 1331 in
390 1294 512 1332 lucem
532 1294 733 1342 productis
754 1294 836 1332 sola
862 1297 951 1331 sunt
978 1293 1122 1341 publici
1151 1292 1277 1330 adhuc
1305 1292 1400 1329 iuris
1428 1290 1542 1338 facta,
1571 1292 1688 1329 ratio-

189 1367 258 1394 nes
278 1356 364 1395 dico
384 1358 459 1396 iam
490 1358 644 1406 saepius
673 1358 889 1405 appellatas
917 1357 1212 1404 hieropoeorum
1233 1355 1399 1393 Demare
1429 1360 1467 1393 et
1486 1354 1687 1401 Amphicle

187 1419 437 1458 archontibus
481 1421 707 1468 scriptas,¹)
752 1424 790 1458 et
831 1420 1104 1458 commentario
1145 1419 1448 1456 luculentissimo
1489 1418 1688 1464 omnisque

190 1482 392 1520 doctrinae
421 1483 546 1530 pleno,
579 1495 692 1531 quem
723 1483 939 1521 Homollius
969 1482 1017 1520 ad
1045 1483 1210 1530 primum
1237 1481 1391 1518 titulum
1421 1479 1688 1529 explicandum

189 1544 332 1583 adiecit
358 1546 567 1594 multisque
595 1546 803 1583 illustravit
832 1546 995 1583 aliorum
1024 1545 1130 1590 locis,
1160 1543 1328 1582 nondum
1358 1543 1558 1581 editorum.

291 1608 421 1656 Atque
450 1612 602 1647 constat
631 1609 837 1656 quotannis
866 1608 1096 1655 hieropoeos
1125 1607 1340 1654 exemplum
1374 1606 1687 1654 amphictyonum

185 1670 464 1709 atheniensium
512 1672 750 1719 aliorumque
793 1671 963 1709 eiusdem
1006 1670 1156 1718 generis
1198 1670 1490 1716 magistratuum
1538 1673 1690 1706 secutos

184 1734 355 1772 rationes
391 1745 520 1772 rerum
562 1745 585 1772 a
620 1746 660 1772 se
689 1738 902 1783 gestarum,
939 1745 1035 1782 quas
1065 1734 1210 1771 civitati
1237 1732 1504 1778 reddiderant,
1535 1743 1691 1770 curasse

182 1795 304 1844 lapidi
322 1797 560 1843 incidendas,
594 1803 637 1835 ut
656 1799 795 1836 civium
824 1798 946 1835 cuinis
975 1797 1111 1835 liceret
1138 1796 1207 1834 has
1236 1807 1299 1834 res
1327 1796 1482 1833 maximi
1510 1796 1691 1833 momenti

185 1858 235 1897 ad
262 1859 423 1897 salutem
444 1861 562 1898 totius
583 1861 748 1899 civitatis
768 1861 843 1908 ipsi
864 1858 1141 1904 examinare22)
1171 1871 1247 1897 non
1266 1860 1383 1906 igitur
1410 1859 1545 1896 mirum
1575 1859 1690 1895 ratio-

184 1932 274 1959 num
317 1922 469 1961 tabulas
505 1924 606 1962 inter
640 1924 766 1962 varios
801 1924 934 1961 titulos
969 1923 1058 1961 Deli
1092 1923 1269 1960 inventos
1310 1922 1474 1969 primum
1517 1921 1690 1959 obtinere

183 1984 308 2023 locum
329 1989 368 2023 et
397 1997 525 2024 rerum
546 1986 599 2024 ibi
618 1991 871 2025 tractatarum
891 1987 1080 2034 gravitate
1102 1990 1139 2023 et
1159 1996 1317 2023 numero
1346 2007 1395 2012 —
1423 1985 1509 2032 plus
1539 1989 1690 2022 centum

184 2046 234 2086 ad
252 2050 404 2096 tempus
434 2049 580 2088 liberae
599 2050 837 2098 reipublicae
857 2050 1095 2097 pertinentes
1116 2048 1308 2087 Homollio
1329 2053 1550 2095 computare
1571 2048 1689 2094 licuit,

184 2109 224 2146 in
253 2109 392 2158 quibus
422 2121 501 2149 non
529 2123 674 2159 paucas
703 2113 822 2150 multo
851 2112 1015 2159 amplius
1046 2114 1198 2149 centum
1227 2121 1417 2147 versuum.

289 2171 445 2220 Duplex
479 2177 523 2211 ut
558 2179 642 2212 erat
676 2174 972 2222 hieropoeorum
1007 2184 1163 2219 munus,
1198 2173 1340 2221 partim
1369 2173 1407 2210 in
1436 2174 1601 2220 pecunia
1629 2173 1690 2211 dei

276 2302 339 2343 ¹⁷1)
365 2302 457 2337 Ibid.
483 2302 544 2337 lin.
568 2305 646 2338 198:
682 2306 895 2347 γραμματεῖ
923 2302 1182 2349 λέοκροντίδῃ,
1215 2303 1275 2347 qui
1302 2303 1368 2338 hoc
1401 2303 1480 2348 ipso
1506 2313 1598 2338 anno
1624 2304 1689 2337 fnit

185 2358 459 2404 hieropoeorum
491 2360 628 2405 scriba,
661 2366 700 2396 ut
731 2371 775 2396 ex
807 2361 932 2406 primis
966 2366 1001 2396 et
1031 2361 1210 2396 rationum
1245 2367 1279 2395 et
1304 2361 1495 2395 inventarii
1529 2361 1691 2395 versibus

185 2416 414 2461 perspicitur.

280 2487 306 2528 ¹)
331 2484 427 2521 Bull.
453 2485 486 2520 d.
513 2486 610 2522 Corr.
636 2486 729 2522 Hell.
756 2487 801 2531 ΙΙ,
827 2499 860 2532 p.
878 2490 1060 2524 570—584
1086 2494 1121 2523 et
1146 2488 1206 2532 VI,
1234 2500 1266 2533 p.
1289 2491 1339 2523 1-
1360 2490 1431 2523 167.
1541 2487 1571 2530 2)
1598 2487 1690 2530 Quin

187 2541 296 2577 etiam
327 2552 541 2587 unoquoque
574 2554 695 2579 mense
729 2544 887 2579 rationes
920 2545 1093 2588 pecuniae
1126 2555 1147 2579 a
1174 2557 1210 2580 se
1237 2552 1406 2590 acceptae
1433 2546 1486 2580 vel
1513 2555 1692 2588 expensae

187 2599 320 2635 tabulis
344 2600 474 2644 ligneis
492 2601 583 2636 albis
608 2601 854 2643 (λευιώματα)
872 2601 1064 2645 inscriptas
1091 2603 1125 2636 in
1144 2602 1286 2647 publico
1314 2613 1511 2647 proponere
1531 2601 1691 2636 solebant

187 2677 230 2683 —
257 2657 320 2693 cfr.
346 2667 439 2702 quae
456 2657 656 2693 Homollius
682 2669 726 2693 ex
751 2658 832 2693 aliis
858 2658 1056 2693 rationibus
1082 2660 1204 2694 attulit
1228 2659 1334 2697 (Ball.
1353 2659 1385 2693 d.
1405 2660 1502 2694 Corr.
1521 2658 1612 2693 Hell.
1632 2658 1692 2701 vl,

188 2724 222 2758 p.
242 2716 288 2750 80
311 2720 383 2750 not.
401 2717 437 2758 2)
462 2715 585 2750 verba:
627 2718 703 2755 τοῖς
727 2717 818 2749 κατὰ
842 2718 937 2760 μῆνα
970 2716 1089 2759 λόγοις
1114 2716 1358 2757 ἐπιτιθεμένοις
1383 2717 1434 2754 εἰς
1459 2717 1524 2760 τὴν
1552 2716 1690 2759 ἀγορὰν

188 2770 366 2813 λεύκωμα.
