1957 3326
927 320 1203 360 -90-

325 445 364 479 et
391 442 539 479 minora
567 441 632 485 (τὰ
660 441 761 478 κατὰ
785 443 901 492 μῆνα)
930 443 1056 482 facere
1076 450 1115 484 et
1134 457 1211 484 una
1229 457 1312 484 cum
1333 446 1664 495 amphictyonibus
1685 447 1812 486 atticis

322 503 423 542 dona
451 505 487 541 in
517 504 685 542 delubris
713 507 841 553 posita
867 518 1088 555 asservare3
1116 509 1280 557 denique
1308 510 1510 558 epistaten,
1539 510 1647 548 cuius
1674 521 1812 548 munus

323 571 427 604 certo
457 567 568 605 modo
595 566 744 605 definiri
781 580 855 606 non
884 573 1028 617 potest,
1065 570 1131 608 sed
1161 572 1472 609 verisimillimum
1508 576 1566 610 est
1594 583 1677 610 eum
1705 571 1813 610 adiu·

323 629 501 667 vantibus
531 632 704 668 neocoris
734 632 874 669 cultum
903 633 1129 680 templorum
1151 635 1412 682 quotidianum
1443 638 1696 682 ornatumque
1726 645 1812 682 pro·

323 702 489 729 curasse.
536 692 698 731 Senatus
729 693 909 732 habemns
938 697 1167 734 mentionem
1196 698 1233 734 in
1263 697 1373 734 titulo
1394 696 1609 734 Timocrate
1628 695 1812 734 archonte

325 756 553 803 perscripto,
582 756 645 794 ubi
676 757 872 795 traditioni
902 770 1027 796 rerum
1056 770 1250 797 sacrarum
1279 757 1500 797 interfuisse
1529 758 1680 806 dicitur,
1708 763 1747 797 et
1774 760 1811 797 in

323 817 477 856 decreto
506 819 543 856 in
573 819 753 857 honorem
788 821 970 859 Philoclis
998 823 1098 868 regis
1126 821 1367 860 Sidoniorum
1396 820 1508 859 facto.
1550 821 1595 859 In
1623 833 1698 870 quo
1727 833 1811 860 cum

323 882 435 918 etiam
466 882 535 917 τοῦ
563 880 682 931 δήμου
710 881 778 921 fiat
805 885 958 930 mentio,
978 884 1247 923 democratiam
1277 884 1325 923 ad
1355 884 1550 932 exemplar
1577 883 1812 923 atheniensis

321 942 437 982 fuisse
469 944 552 982 Deli
588 946 799 983 institutam
834 958 904 993 pro
939 951 1044 984 certo
1080 947 1222 985 habere
1251 957 1463 994 possumus.
1521 946 1570 984 Et
1596 957 1643 984 ne
1670 947 1731 984 cui
1759 947 1812 984 vi-

321 1006 414 1044 dear
443 1009 596 1044 nimium
625 1008 794 1046 tribuere
822 1009 946 1055 titulo,
976 1021 1087 1057 quem
1116 1009 1164 1047 ad
1192 1014 1342 1057 tempus
1371 1009 1642 1048 dominationis
1670 1009 1812 1047 atticae

320 1074 455 1108 contra
491 1071 670 1109 Homollii
717 1073 944 1110 sententiam
985 1084 1060 1111 non
1096 1074 1177 1110 sine
1212 1073 1451 1111 dubitatione
1492 1071 1643 1114 rettuli.
1686 1075 1814 1110 exstat

320 1132 479 1170 alterum
518 1135 648 1182 populi
686 1134 784 1172 Delii
826 1135 1019 1173 decretum
1063 1135 1227 1174 nondum
1270 1136 1412 1184 publici
1453 1136 1547 1173 iuris
1581 1133 1811 1182 factum‚1²⁷)

322 1194 423 1242 quod
459 1207 517 1232 me
554 1197 753 1234 certiorem
795 1196 884 1235 fecit
918 1197 1129 1236 Homollius
1165 1210 1184 1235 e
1223 1199 1437 1246 scripturae
1478 1199 1694 1237 testimonio
1737 1202 1814 1240 (est

270 1255 274 1259 '
321 1258 419 1294 enim
450 1257 657 1309 στοιχῃδὸν
685 1264 900 1304 exaratum)
930 1261 1148 1298 necessario
1177 1271 1261 1298 esse
1289 1260 1338 1299 ad
1368 1261 1440 1299 hoc
1466 1265 1616 1309 tempus
1644 1260 1813 1299 referen-

321 1319 419 1357 dum.
477 1321 628 1360 Titulus
665 1327 723 1360 est
756 1323 1002 1361 honorarius:
1038 1324 1278 1362 collaudatur
1305 1323 1590 1372 Cephisodorus
1625 1324 1685 1362 vel
1721 1323 1812 1362 Dio-

321 1383 534 1430 nysodorus
569 1386 722 1432 quidam
758 1386 805 1424 ob
835 1388 972 1424 merita
1000 1388 1037 1424 in
1066 1387 1248 1435 populum
1276 1387 1493 1433 Deliorum,
1529 1387 1749 1425 decernitur
1777 1388 1811 1425 ei

321 1457 463 1484 corona
491 1459 626 1495 aurea,
657 1451 858 1496 proxenia,
887 1451 1116 1488 immunitas.
1171 1449 1292 1497 Quam
1322 1449 1394 1488 hoc
1420 1449 1615 1498 discrepat
1648 1449 1695 1488 ab
1731 1450 1811 1498 opi—

322 1511 436 1548 nione
472 1523 620 1557 eorum,
663 1513 727 1560 qui
765 1512 899 1550 Delios
937 1513 985 1550 ab
1022 1513 1322 1551 Atheniensibus
1359 1513 1397 1550 in
1431 1514 1650 1551 servitutem
1690 1524 1810 1561 prope

327 1573 503 1612 redactos
524 1575 595 1612 sibi
616 1580 653 1613 et
673 1575 757 1613 aliis
780 1576 1030 1623 persuadent!
1059 1577 1198 1615 Libere
1219 1578 1490 1615 contionantur
1509 1575 1556 1613 de
1575 1575 1692 1614 rebus
1719 1576 1810 1622 suis,

323 1637 414 1674 viris
443 1637 489 1674 de
519 1638 674 1676 civitate
704 1638 799 1677 bene
818 1641 964 1677 meritis
984 1641 1127 1687 gratias
1156 1645 1274 1688 agunt
1301 1645 1339 1678 et.
1366 1639 1575 1678 honoribus
1603 1636 1812 1676 beneficiis·

323 1711 396 1746 que
425 1711 489 1737 eos
511 1706 660 1748 ornant,
689 1703 829 1741 invisos
851 1708 985 1741 contra
1005 1705 1106 1742 cives
1133 1705 1171 1741 in
1192 1704 1346 1753 exilium
1367 1703 1521 1749 eiciunt,
1551 1713 1674 1750 neque
1693 1701 1812 1739 Athe-

325 1762 475 1799 nienses
513 1775 581 1800 sua
616 1765 784 1811 ipsorum
821 1776 938 1803 causa
974 1767 1116 1804 eiectos
1151 1767 1370 1812 restituunt,
1407 1770 1449 1803 ut
1481 1776 1599 1813 supra
1636 1763 1810 1810 vidimus,

323 1825 525 1871 vectigalia
553 1827 751 1874 imponunt
781 1829 839 1866 vel
868 1829 1086 1867 condonant
1111 1841 1180 1867 suo
1200 1829 1373 1875 arbitrio,
1402 1839 1478 1877 qua
1505 1839 1546 1866 re
1575 1826 1811 1865 demonstra·

320 1891 383 1923 tur
411 1887 591 1926 habuisse
627 1901 691 1927 eos
720 1892 834 1929 etiam
869 1893 1066 1940 proprium
1102 1893 1292 1930 aerarium
1320 1891 1533 1940 publicum,
1569 1901 1653 1928 cum
1689 1889 1811 1928 natio-

319 1949 430 1987 nibus
460 1952 601 1988 exteris
629 1964 699 2000 per
733 1953 878 2000 legatos
914 1958 1031 2001 agunt
1067 1957 1106 1991 et
1133 1953 1236 2002 apud
1272 1965 1337 1992 eas
1366 1964 1556 2000 proxenos
1593 1952 1808 1990 instituunt.

319 2011 479 2051 Constat
514 2014 629 2061 igitur
666 2015 919 2053 Athenienses
954 2016 1214 2054 tantummodo
1249 2016 1478 2064 templorum
1511 2014 1810 2053 administratio-

324 2086 405 2112 nem
436 2080 551 2123 atque
580 2077 787 2126 πρωεόμείιν
815 2078 990 2116 ludorum
1011 2078 1238 2125 vindicasse,
1266 2079 1388 2126 ipsam
1418 2089 1508 2116 vero
1536 2076 1809 2125 rempublicam

321 2137 516 2175 Doliorum
553 2139 710 2177 liberam
745 2141 967 2188 reliquisse,
1002 2146 1184 2189 quantum
1219 2139 1371 2189 quidem
1405 2151 1526 2189 parva
1557 2140 1692 2178 civitas
1724 2150 1808 2177 curn

326 2211 462 2247 magna
491 2200 643 2239 foedere
673 2203 875 2241 coniuncta
903 2203 1025 2242 libera
1052 2215 1135 2241 esse
1164 2208 1303 2251 potest.

412 2332 469 2376 ¹²⁷)
509 2332 669 2377 Rapport
701 2344 762 2368 sur
793 2344 861 2368 une
893 2334 1037 2369 mission
1069 2334 1344 2378 archeologique
1375 2334 1464 2370 dans
1500 2333 1570 2369 l’ile
1607 2332 1652 2369 de
1688 2331 1809 2377 Delos,

318 2400 349 2433 p.
377 2391 430 2433 26,
460 2398 500 2423 n0
527 2393 550 2424 l.
