1957 3293
850 296 1161 339 -184—

256 427 365 461 certa
395 422 542 460 ratione
572 433 647 460 non
677 422 778 470 quit;
814 422 1130 460 verisimillimum
1158 426 1286 461 tamen
1323 426 1381 461 est
1414 426 1619 472 utrumque
1653 434 1764 473 spec-

256 489 358 524 tasse
387 489 530 534 patres,
567 489 609 522 ut
637 490 675 523 et
705 485 803 523 Delii
833 487 1062 533 punirentur
1091 485 1138 523 ob
1168 485 1334 523 alienum
1363 497 1386 524 a
1415 486 1558 535 populo
1587 486 1761 524 Romano

256 549 433 592 animum,
464 552 503 585 et
530 559 660 586 eorum
681 548 914 586 adversariis
943 549 1068 596 gratia
1087 547 1297 586 referretur
1326 560 1396 596 pro
1427 550 1585 587 meritis.
1643 548 1761 588 Prae·

256 615 364 649 terea
402 611 605 648 occasione
643 610 714 648 hac
749 612 804 648 uti
840 612 962 648 visum
999 615 1057 648 est
1091 611 1139 649 ad
1174 615 1309 658 portus
1346 611 1483 650 deliaci
1519 611 1760 661 vectigalium

257 673 422 710 omnium
451 673 727 711 immunitatem
757 674 1094 721 pronuntiandam,
1124 686 1201 722 qua
1228 686 1270 712 re
1300 678 1338 712 et
1367 676 1649 722 negotiatorum
1677 686 1764 713 suo—

256 746 340 773 rum
369 735 577 774 commodis
605 737 853 774 consulerent
877 741 914 774 et
936 736 1184 784 Rhodiorum,
1214 749 1375 785 quorum
1397 736 1492 776 fides
1512 739 1559 776 iis
1579 742 1760 786 suspecta

257 802 353 845 erat,
383 799 653 836 imminuerent
681 801 967 837 commercium:
1007 804 1043 836 et
1072 800 1145 837 iam
1174 801 1307 848 paucis
1336 802 1448 840 annis
1476 805 1567 850 post
1593 801 1761 840 Rhodio-

255 874 340 901 rum
369 864 518 910 legatos
547 865 587 901 in
616 869 751 902 senatu
781 868 938 912 questos
967 870 1119 903 constat
1146 867 1312 904 civitatis
1343 876 1435 903 suae
1461 865 1609 903 reditus
1635 877 1655 903 e
1674 876 1765 913 por-

256 927 355 964 torio
375 930 579 974 perceptos
600 937 623 965 a
645 931 831 964 1000000
852 927 901 964 ad
926 931 1054 965 15000
1074 926 1275 965 drachmas
1297 939 1380 965 esse
1401 926 1591 973 redactos,
1621 938 1667 965 ex
1688 938 1764 976 quo

257 993 429 1037 tempore
458 990 679 1028 immunitas
700 989 798 1027 Delo
829 993 931 1026 esset
951 989 1145 1033 donata.⁸›
1189 990 1299 1036 Quod
1328 1001 1413 1028 cum
1434 989 1574 1028 factum
1605 991 1656 1028 sit
1674 994 1764 1029 ante

257 1052 440 1090 Antiochi
469 1052 683 1100 Epiphanis
713 1055 872 1090 mortem
902 1056 953 1095 (a.
978 1056 1048 1090 164
1076 1064 1108 1090 a.
1132 1052 1220 1091 Chr.
1251 1058 1319 1099 n.),
1347 1053 1435 1091 inde
1464 1053 1646 1101 colligere
1675 1065 1765 1102 pos-

259 1126 400 1161 sumus,
431 1119 617 1162 quantum
647 1118 685 1152 et
713 1125 827 1162 quam
856 1115 1022 1152 subitum
1050 1117 1318 1154 commercium
1341 1116 1427 1154 Deli
1448 1116 1597 1155 insulae
1617 1116 1765 1164 ceperit

259 1179 550 1215 incrementum.
599 1177 838 1225 Quamquam
867 1177 963 1215 haec
991 1178 1103 1216 modo
1132 1179 1242 1216 initia
1262 1183 1374 1217 erant
1392 1180 1603 1217 crescentis
1623 1179 1663 1217 in
1682 1178 1765 1218 dies

259 1240 545 1288 prosperitatis,
574 1251 687 1288 quam
716 1241 880 1278 maxime
909 1244 1059 1278 auctam
1082 1253 1166 1279 esse
1186 1245 1275 1289 post
1295 1241 1520 1280 Corinthum
1541 1253 1564 1279 a
1581 1241 1764 1280 Romanis

262 1303 429 1340 excisam
464 1314 548 1340 cum
578 1315 648 1351 per
684 1315 724 1341 se
760 1305 884 1351 ipsum
921 1308 980 1342 est
1008 1305 1230 1351 verisimile,
1267 1308 1346 1342 tum
1375 1308 1542 1342 testatur
1570 1301 1764 1349 Strabo.⁹)

262 1365 367 1404 Idem
396 1365 505 1403 addit
533 1367 606 1404 iam
638 1370 755 1404 antea
783 1377 866 1404 cum
894 1367 1034 1405 multos
1063 1367 1177 1414 alios,
1211 1371 1291 1406 turn
1320 1367 1494 1416 inprimis
1528 1369 1764 1405 mercatores

259 1440 438 1467 romanos
467 1429 630 1467 insulam
652 1429 933 1477 frequentasse,
961 1433 1098 1477 postea
1117 1434 1245 1468 autem
1266 1441 1398 1469 omnes
1419 1429 1605 1468 Corintho
1628 1429 1766 1468 Delum

259 1492 479 1538 transiisse,
521 1492 670 1530 invitati
709 1494 870 1540 emporii
909 1494 1148 1531 immunitate
1186 1498 1304 1542 atque
1347 1493 1640 1540 commoditate,
1681 1503 1767 1531 cum

264 1558 575 1602 »peropportune
605 1558 708 1592 esset
737 1556 850 1592 situm
879 1555 1053 1593 omnibus
1083 1567 1129 1594 ex
1164 1556 1278 1594 ltalia
1305 1560 1344 1594 et
1372 1555 1539 1595 Graecia
1565 1556 1604 1593 in
1634 1554 1767 1593 Asiam

261 1617 569 1664 navigantibus«,
598 1629 723 1665 neque
746 1618 998 1656 Athenienses
1029 1619 1155 1657 insula
1182 1620 1326 1667 potitos
1358 1619 1574 1666 neglexisse
1594 1617 1765 1666 negotia·

259 1684 384 1719 torum
419 1679 636 1727 commoda,
675 1681 743 1718 sed
772 1693 955 1720 summam
984 1682 1164 1721 habuisse
1193 1694 1322 1721 curam
1361 1682 1548 1728 omnium,
1583 1692 1682 1729 quae
1717 1680 1767 1720 ad
1834 1724 1839 1730 ι

261 1744 530 1782 commercium
558 1743 761 1782 levandum
791 1748 830 1782 et
857 1744 1072 1793 augendum
1101 1746 1188 1782 usui
1218 1756 1303 1784 esse
1330 1747 1499 1794 possent.

366 1805 441 1844 Sed
471 1818 546 1844 non
574 1810 652 1844 tam
672 1807 888 1845 vernaculis
917 1808 1107 1845 mercibus
1129 1806 1293 1847 florebat
1315 1808 1446 1852 Delus,
1476 1817 1707 1856 quamquam
1729 1809 1768 1845 et

261 1880 326 1907 aes
339 1870 386 1914 ¹⁰)
417 1881 584 1918 vasaque
613 1870 817 1911 deliaca¹¹i
847 1875 885 1908 et
911 1875 1148 1918 unguentum
1175 1871 1227 1909 ibi
1253 1869 1488 1919 paratumst)
1518 1873 1557 1908 et
1576 1869 1764 1920 quaedam

261 1932 475 1981 cuppediae
514 1933 696 1980 (gallinae
731 1933 906 1980 inprimis
943 1943 1150 1980 earumque
1189 1932 1332 1978 ova)¹⁸)
1375 1932 1589 1970 clarissima
1625 1934 1765 1978 essent,

262 2007 375 2043 quam
406 1994 640 2038 advecticiis,
674 2006 770 2042 quas
799 2006 976 2032 crescens
1005 1995 1043 2031 in
1073 1994 1154 2032 dies
1176 1995 1435 2033 Romanorum
1465 1995 1619 2033 luxuria
1638 1994 1766 2043 requi-

262 2057 392 2100 rebat,
431 2069 450 2095 e
479 2058 596 2095 variis
625 2058 786 2096 orientis
814 2058 948 2105 terris,
986 2061 1102 2105 prout
1129 2056 1201 2095 hac
1229 2057 1288 2095 vel
1318 2057 1395 2095 alia
1428 2068 1470 2095 re
1507 2056 1767 2103 excellebant3

263 2121 428 2158 omnium
457 2131 547 2157 vero
576 2120 829 2158 celeberrima
863 2124 947 2158 erat
981 2131 1177 2158 servorum
1214 2123 1449 2168 mercatura,
1486 2131 1585 2168 quae
1621 2122 1768 2168 quanta

263 2182 399 2229 fuerit,
438 2183 526 2220 inde
556 2183 811 2229 intellegitur,
848 2182 949 2230 quod
979 2182 1117 2221 Strabo
1146 2186 1281 2221 auctor
1310 2187 1369 2221 est
1397 2183 1546 2231 aliquot
1573 2183 1765 2221 interdum

263 2256 459 2282 servorum
488 2245 680 2292 myriades
709 2257 784 2282 uno
813 2245 874 2282 die
903 2245 1102 2291 advectas,
1142 2245 1273 2283 eodem
1303 2246 1417 2284 etiam
1446 2246 1611 2284 veniisse
1648 2248 1764 2294 atque

262 2308 485 2356 deportatas
506 2320 602 2354 esse,
629 2311 671 2345 ut
690 2308 935 2356 proverbium
957 2309 1071 2346 etiam
1092 2309 1302 2347 exstiterit:
1337 2309 1567 2356 »Mercaton
1599 2308 1766 2357 appelle,

264 2383 412 2420 expone
433 2393 481 2399 —
502 2373 629 2410 omnia
649 2373 885 2409 venierunt«
902 2371 946 2416 ¹⁴)
990 2372 1096 2410 Haec
1116 2371 1195 2410 fere
1216 2376 1316 2419 sunt,
1346 2383 1445 2420 quae
1466 2383 1490 2410 a
1510 2371 1764 2420 scriptoribus

353 2525 381 2570 Β)
406 2524 529 2569 Polyb.
556 2523 686 2568 XXXI,
713 2526 744 2567 7,
775 2527 824 2558 12.
974 2525 1002 2569 9)
1031 2524 1146 2559 Strab.
1174 2525 1217 2570 X,
1241 2528 1274 2570 5,
1299 2528 1331 2560 4.
1482 2526 1527 2571 ¹0)
1551 2524 1643 2560 Plin.
1670 2524 1763 2561 Hist.

264 2582 346 2617 Nat.
373 2581 548 2626 XXXIII,
580 2584 656 2624 1443
692 2581 856 2626 XXXIV,
883 2585 920 2626 9,
952 2586 999 2617 10.
1180 2584 1220 2625 ¹¹)
1246 2583 1318 2618 Cic.
1344 2592 1417 2618 acc.
1443 2582 1479 2618 in
1504 2583 1606 2618 Verr.
1630 2582 1684 2627 11,
1709 2584 1764 2628 34,

264 2641 320 2683 72,
350 2642 428 2682 176;
455 2639 516 2683 IV,
547 2642 579 2683 ¹3
612 2649 645 2683 p.
672 2637 777 2672 Rosc.
804 2639 923 2673 Amer.
950 2642 1003 2674 46.
1191 2639 1232 2684 ¹²)
1259 2639 1350 2674 Plin.
1377 2639 1470 2676 Hist.
1497 2639 1579 2675 Nat.
1606 2639 1704 2685 XIII,
1729 2642 1761 2675 4.

359 2697 400 2741 ¹³)
426 2696 517 2731 Plin.
550 2695 642 2730 nist.
680 2695 762 2730 Nat.
796 2696 844 2740 X,
876 2699 948 2731 139.
1138 2699 1179 2742 ¹⁴)
1207 2696 1322 2733 Strab.
1354 2697 1451 2743 XIV,
1474 2700 1513 2743 6,
1538 2699 1576 2732 2:
1614 2695 1764 2743 ἔμπυρα,

266 2754 530 2799 κατάπλευσον,
557 2752 693 2798 ἐξελοῦ,
720 2752 836 2786 πάντα
861 2754 1055 2797 πέπραται.
