1979 3326
692 308 1049 349 --207—

145 432 377 470 constitutus
407 431 589 470 evaderet
615 433 866 480 magistratus
896 444 918 470 a
945 432 1088 480 populo
1118 433 1157 469 in
1186 436 1332 470 certum
1358 437 1509 480 tempus
1538 443 1648 471 crea-

143 493 233 532 tus?
287 494 342 533 Ut
369 506 471 532 nunc
499 498 558 533 est
585 499 717 533 nostra
745 495 791 532 de
821 495 893 532 hac
920 506 962 532 re
991 495 1116 540 notio,
1152 496 1272 541 magis
1302 495 1350 532 ad
1389 506 1471 532 eam
1499 495 1642 532 inclino

145 558 382 605 opinionem,
416 561 460 595 ut
487 557 640 596 credam
671 559 918 605 magistratus
947 556 1065 594 fuisse
1096 556 1328 606 τραπεζίτας
1355 557 1424 595 hos
1461 557 1644 604 deliacOS,

144 630 229 657 cum
257 619 359 657 inter
385 623 465 658 tres
493 620 619 658 adhuc
647 625 758 658 notos
787 624 968 658 occurrat
995 619 1124 657 Medei
1153 620 1375 657 Piraeensis
1411 620 1645 665 nomen,¹²⁴)

144 693 254 730 quem
297 684 419 721 virum
461 694 607 721 summo
641 684 725 722 loco
767 687 898 720 natum
943 683 1092 720 minime
1129 683 1335 720 verisimile
1373 687 1431 720 est
1471 694 1645 720 mensam

144 745 243 784 lucri
270 757 389 784 causa
415 747 455 784 in
482 747 609 784 insula
636 746 816 794 privatim
844 743 1148 790 instituisse.12⁵)

194 863 198 866 ,
248 819 303 857 Ut
328 819 618 867 magistratibus
647 819 805 856 deliacis
834 817 1032 866 defungar,
1070 819 1212 856 mentio
1243 822 1301 856 est
1329 817 1506 856 facienda
1534 818 1647 869 ἀγο-

140 881 296 932 ρανύμ
310 894 389 929 ων,
425 893 586 930 quorum
621 881 668 920 de
703 893 860 919 munere
896 885 933 919 et
968 882 1062 918 satis
1091 885 1181 919 noto
1220 885 1257 918 et
1285 892 1307 918 a
1336 893 1394 918 me
1422 883 1497 920 iam
1528 894 1647 930 supra

143 947 382 992 pertractato
417 945 553 982 inutile
582 948 641 982 est
675 944 795 982 multa
823 944 941 982 verba
968 942 1114 990 facere,
1150 955 1234 981 cum
1268 949 1372 981 certe
1401 945 1500 982 idem
1537 957 1643 983 man-

144 1007 257 1052 serit,
295 1007 398 1055 quod
426 1006 554 1045 fuerat
587 1011 759 1054 tempore
788 1006 1024 1054 reipublicae
1055 1006 1250 1044 Deliorum
1289 1007 1450 1045 liberae:
1493 1012 1645 1045 constat

145 1069 244 1106 enim
272 1070 407 1117 primis
435 1073 524 1117 post
558 1070 721 1107 insulam
751 1069 949 1107 subactam
984 1070 1093 1107 annis
1131 1071 1244 1107 etiam
1272 1082 1471 1108 numerum
1510 1082 1642 1108 eorum

145 1131 305 1170 eundem
344 1133 548 1175 mansisse,
590 1136 634 1169 ut
667 1132 766 1169 terni
803 1133 1008 1179 quotannis
1043 1131 1354 1179 erearenturst‘ffi)
1385 1138 1521 1180 postea
1557 1145 1648 1171 vero

145 1195 222 1232 iam
251 1198 340 1232 ante
368 1196 518 1232 initium
549 1195 693 1232 saeculi
721 1195 834 1242 primi
878 1194 926 1232 ad
969 1194 1079 1232 binos
1123 1206 1207 1232 esse
1235 1195 1516 1239 redactum.¹2⁷)
1571 1196 1649 1234 Ad·

143 1258 298 1295 iunctus
329 1258 383 1295 eis
412 1260 496 1294 erat
524 1257 669 1303 scriba,
713 1258 778 1304 qui
806 1268 890 1294 cum
933 1262 1036 1294 sorte
1073 1259 1306 1295 constitutus
1336 1258 1570 1308 (κληρωτάς)
1600 1282 1648 1286 -

144 1323 262 1368 atque
292 1331 312 1358 e
341 1321 479 1357 civium
500 1323 603 1357 certe
625 1330 782 1356 numero
803 1341 852 1345 —
872 1318 1170 1366 appelletur,¹²⁸)
1200 1320 1380 1368 colligere
1402 1321 1489 1358 inde
1518 1323 1646 1369 possis

145 1393 397 1430 agoranomos
439 1384 479 1420 in
522 1382 653 1420 eodem
683 1382 794 1420 titulo
837 1393 914 1420 una
955 1393 1038 1419 cum
1077 1394 1121 1420 eo
1150 1384 1365 1421 nominatos
1405 1396 1423 1421 e
1453 1386 1648 1422 contrario

146 1457 229 1483 esse
258 1445 450 1493 suffragiis
477 1445 612 1493 populi
641 1445 794 1483 electos.

247 1519 542 1568 Magistratibus
572 1519 850 1568 quodammodo
880 1520 1060 1557 simillimi
1081 1525 1170 1558 sunt
1200 1520 1435 1568 epheborum
1463 1522 1647 1569 magistri,

145 1582 191 1620 de
221 1582 375 1630 quibus,
403 1584 575 1631 quamvis
617 1581 796 1620 deficiant
837 1582 1066 1620 documenta
1100 1605 1149 1610 ——
1186 1584 1374 1631 quaedam
1417 1583 1647 1624 inventam)

141 1645 286 1693 publici
314 1646 410 1683 iuris
438 1645 607 1684 nondum
628 1649 716 1683 sunt
744 1644 846 1683 facta
873 1667 933 1690 —‚
963 1649 1091 1683 tamen
1120 1657 1245 1693 pauca
1273 1646 1436 1684 dicenda
1467 1652 1568 1691 sunt,
1600 1659 1646 1685 ne

146 1707 299 1746 silentio
320 1712 590 1756 praetereatur
609 1709 707 1746 tanti
729 1709 906 1745 momenti
927 1709 1154 1745 institutum.
1200 1707 1441 1746 Cleruchiam
1463 1709 1647 1748 deliacam

146 1766 310 1820 ἐφηβίαν
337 1770 536 1817 propriam
565 1769 745 1807 habuisse
775 1769 824 1807 ab
853 1769 1068 1807 atheniensi
1104 1769 1292 1807 diversam
1322 1771 1396 1807 iam
1426 1771 1514 1808 inde
1543 1773 1648 1809 colli-

142 1843 236 1880 gere
265 1833 403 1880 possis,
433 1832 535 1880 quod
564 1834 603 1869 in
632 1832 817 1879 catalogis
847 1832 1081 1879 epheborum
1103 1833 1394 1870 Atheniensium
1425 1835 1647 1880 paucissimi

141 1898 292 1933 tantum
323 1895 581 1942 appellantur,
625 1906 785 1942 quorum
827 1896 980 1932 nomina
1016 1896 1104 1932 item
1141 1896 1179 1932 in
1215 1895 1337 1932 titulis
1366 1895 1453 1932 Deli
1483 1897 1646 1935 inventis

143 1961 360 1998 occurrunt.
391 1961 506 2005 atque
535 1957 573 1995 hi
602 1958 825 2004 saepissime
852 1957 1077 2004 epimeletae
1106 1962 1173 1995 aut
1199 1957 1485 1996 duumvirorum
1517 1956 1576 1996 ἐπὶ
1599 1959 1647 1996 τὰ

237 2128 296 2174 1114)
321 2127 481 2162 Functus
513 2133 568 2162 est
591 2128 658 2163 hoc
689 2138 835 2163 munere
861 2129 1004 2172 Argaeo
1031 2129 1219 2172 archonte,
1253 2140 1322 2173 quo
1353 2136 1512 2174 tempore
1540 2131 1646 2165 etiam

143 2186 359 2231 ἐπιμελητὴς
392 2186 506 2231 Δήλου
538 2191 573 2221 et
603 2187 835 2231 ἀγωνοθέτης
866 2197 945 2221 cum
979 2186 1163 2221 Deliorum
1206 2193 1279 2221 tum
1311 2187 1646 2222 Panathenacorum

142 2248 237 2279 erat:
263 2242 464 2287 c.1.A.11,
489 2245 567 2287 985,
593 2242 718 2287 fragm.
738 2243 781 2277 D.
808 2243 873 2278 col.
892 2243 937 2286 11,
963 2243 1024 2277 lin.
1041 2246 1165 2279 8—15.
1314 2245 1374 2287 ¹25)
1402 2244 1645 2288 supplendum

143 2305 198 2335 est
221 2300 291 2345 hic,
317 2300 412 2345 quod
438 2311 502 2336 suo
527 2301 604 2335 loeo
623 2300 785 2335 consulto
812 2301 914 2335 omisi
941 2305 981 2335 ut
1006 2311 1076 2335 non
1103 2301 1191 2335 satis
1211 2307 1364 2335 certum:
1392 2301 1514 2335 iamin
1542 2302 1645 2336 titulo

143 2357 297 2402 quodam
321 2358 366 2393 ab
392 2357 703 2402 amphictyonibus
738 2358 858 2392 atticis
884 2359 1016 2402 scripto
1049 2368 1169 2392 vocem
1198 2359 1404 2401 »τράπεζω
1440 2369 1518 2392 esse
1544 2360 1645 2393 resti-

141 2419 257 2450 tutam
274 2425 296 2450 a
311 2414 494 2450 Boeckhio
513 2415 677 2459 primum,
703 2414 831 2449 deinde
850 2425 871 2448 a
889 2414 1067 2449 Koehlero
1094 2414 1361 2457 (Staatshaush.
1379 2414 1410 2448 d.
1431 2415 1560 2449 Athon.
1579 2416 1644 2452 11³.

143 2484 176 2518 p.
194 2475 262 2508 290
279 2487 321 2503 =
338 2472 417 2507 c.1.
432 2473 475 2507 Α.
493 2472 538 2517 ΙΙ,
553 2475 631 2515 824,
648 2472 709 2506 lin.
731 2475 797 2515 12),
823 2471 883 2515 qui
902 2472 1010 2505 etiam
1028 2471 1117 2505 haec
1135 2471 1250 2505 addit:
1280 2481 1458 2506 »mensam
1478 2473 1644 2515 intellego

142 2529 333 2575 publicam,
358 2539 465 2574 quam
490 2529 688 2564 recentiore
713 2535 809 2564 certe
836 2534 953 2564 aetate
979 2529 1015 2563 in
1041 2530 1158 2563 insula
1176 2529 1266 2564 Delo
1291 2529 1400 2563 fuisse
1428 2537 1599 2564 constat«.

235 2587 297 2631 ¹²⁶)
322 2586 415 2621 Bull.
442 2586 474 2621 d.
501 2587 598 2621 Corr.
625 2586 717 2621 Hell.
745 2586 788 2630 X,
815 2597 847 2630 p.
866 2589 920 2621 33.
1071 2586 1130 2627 ¹⁹5)
1156 2587 1224 2621 Hic
1251 2593 1305 2621 est
1330 2598 1451 2621 corum
1477 2598 1645 2621 numerus

143 2642 181 2678 in
206 2643 385 2689 ἀπαρχῶν
414 2643 552 2678 tabula:
580 2643 617 2678 C.
632 2643 658 2678 1.
674 2645 716 2677 A.
735 2643 780 2686 11,
805 2646 883 2680 985,
909 2643 1034 2687 fragm.
1054 2643 1094 2678 E.
1121 2645 1185 2679 col.
1205 2645 1230 2683 Ι,
1258 2645 1317 2678 lin.
1336 2647 1481 2679 36-37.

235 2699 298 2743 ¹²2³)
322 2699 416 2735 Bull.
441 2699 474 2735 d.
501 2700 598 2735 Corr.
626 2700 718 2735 Holl.
745 2701 788 2743 X,
815 2711 848 2744 p.
866 2704 920 2735 33.
1027 2701 1087 2743 ¹²⁹)
1114 2701 1183 2736 Cfr.
1211 2712 1303 2745 quae
1330 2702 1372 2736 de
1399 2702 1465 2736 hac
1491 2713 1528 2736 re
1555 2702 1644 2737 dixit

143 2755 351 2801 Fougueres
378 2755 557 2792 »Fouilles
581 2756 624 2792 de
651 2756 798 2792 Delosu
837 2756 930 2791 Bull.
956 2757 988 2792 d.
1016 2757 1114 2793 Corr.
1140 2758 1232 2794 Hell.
1259 2759 1321 2802 XI,
1348 2770 1380 2803 p.
1401 2762 1465 2794 245
1476 2769 1551 2803 sqq.
