1957 3293
874 288 1182 330 —178-

279 411 457 458 Magnus,
487 411 733 449 Ptolemaeus
753 411 976 459 Epiphanes
1006 423 1090 449 eum
1119 423 1237 450 uxore
1258 410 1555 460 Cleopatram)
1602 411 1780 451 Secundo

278 473 362 510 loeo
391 473 745 511 commemorandae
774 478 863 511 sunt
884 474 1122 511 Rhodiorum
1153 478 1192 511 et
1211 473 1376 512 Coorum
1405 474 1656 523 reipublicae,
1683 485 1783 523 quae

277 536 401 573 medio
439 536 592 572 saeculo
628 537 761 579 tertio,
792 542 833 573 ut
863 538 936 574 iam
966 537 1064 582 dixi,
1100 535 1254 574 assidue
1283 536 1394 574 deum
1422 536 1576 575 Delium
1604 536 1784 575 colebant

280 598 425 636 tlieoris
466 598 630 645 publicis
667 610 750 636 cum
787 599 897 636 donis
933 599 1086 636 maximi
1119 599 1234 646 pretii
1262 598 1311 636 ad
1339 598 1439 636 festa
1467 600 1549 637 eius
1577 600 1784 648 quotannis

277 661 491 706 mittendis,
528 661 599 698 sub
629 663 769 699 exitum
800 673 889 699 vero
919 662 1062 699 saeculi
1092 673 1156 699 eas
1185 660 1265 698 fere
1293 672 1453 708 prorsus
1481 662 1784 708 intermiserunt,

279 728 320 760 ut.
348 723 514 762 Demare
550 725 734 762 archonte
770 726 964 762 rarissime
999 725 1038 761 in
1073 724 1302 762 donatorum
1339 735 1498 762 numero
1526 723 1783 771 appellentur.

279 787 383 823 Inter
402 788 638 834 privatorum
662 784 891 836 ἀναθήματα
920 788 1126 834 quotannis
1155 787 1322 834 repetita
1349 786 1490 824 mentio
1520 790 1580 824 est
1606 784 1784 824 facienda

277 848 323 885 de
359 849 498 896 phialis
536 850 695 896 singulis
731 850 972 896 (saepissime
1010 850 1122 886 etiam
1160 849 1295 896 binis),
1340 860 1436 896 quas
1471 847 1780 896 Thyestadarum

279 917 315 949 et
348 912 605 959 Ocynidarum
634 913 791 959 trittyae
820 924 889 959 per
916 911 1164 959 trittyarchos
1194 922 1283 948 suos
1311 911 1383 948 deo
1412 910 1550 949 offerre
1579 921 1784 949 consueve—

278 979 382 1011 rant:
418 979 623 1012 occurrunt
652 975 690 1011 in
720 975 1014 1021 hieropoeorum
1043 973 1258 1012 rationibus
1287 973 1374 1011 inde
1403 983 1426 1010 a
1446 973 1572 1011 Philio
1599 973 1784 1012 archonte

280 1042 330 1079 (a.
362 1041 451 1081 285)
487 1049 608 1085 usque
644 1037 691 1074 ad
728 1037 931 1074 Demarem
970 1040 1020 1081 (a.
1055 1041 1141 1079 180)
1178 1040 1293 1084 atque
1329 1040 1433 1074 certe
1469 1036 1584 1074 etiam
1618 1035 1783 1083 longius,

278 1099 382 1137 nullo
403 1099 483 1137 fere
504 1112 604 1138 anno
633 1099 947 1144 intermisso;¹⁰⁴)
977 1100 1102 1136 minus
1131 1098 1286 1136 assidue
1314 1098 1494 1136 videntur
1512 1097 1782 1136 Theandridae

279 1166 316 1199 et
344 1162 612 1210 Mapsichidae
648 1162 759 1200 deum
795 1162 1024 1206 honorasse,
1064 1172 1294 1208 quamquam
1324 1161 1478 1208 saepius
1507 1171 1637 1198 eorum
1666 1159 1783 1211 φιάλη

277 1230 609 1271 commemoratur,
639 1237 753 1272 quani
774 1235 1020 1262 consecrasse
1050 1223 1230 1261 dicuntur
1257 1221 1520 1273 amomum-⁵)
1562 1222 1596 1260 Ε
1624 1223 1783 1272 reliquis

278 1290 412 1326 omitto
435 1289 533 1334 illos,
563 1300 585 1326 a
606 1288 744 1336 quibus
764 1300 834 1336 per
854 1288 1008 1325 brevius
1028 1291 1179 1334 tempus
1200 1287 1249 1331 (si
1268 1298 1352 1324 cum
1374 1286 1460 1324 aliis
1481 1284 1673 1332 conferas)
1694 1290 1784 1324 sunt

277 1352 377 1389 dona
406 1353 444 1388 iu
464 1352 645 1398 templum
677 1351 817 1397 dicata,
847 1351 1019 1398 quamvis
1049 1351 1162 1387 etiam
1192 1349 1240 1388 ab
1262 1349 1319 1386 his
1349 1349 1425 1386 sint
1444 1349 1631 1396 pecuniae
1660 1348 1778 1396 depo-

277 1416 386 1461 sitae,
415 1426 460 1452 ne
490 1419 578 1462 post
597 1418 758 1451 mortem
787 1414 1108 1450 intermitteretur
1127 1412 1314 1450 donorum
1342 1411 1480 1449 series:
1508 1410 1781 1458 Hermian,¹⁰⁶)

370 1591 432 1630 ¹0³>
457 1589 697 1633 Appellantur
722 1589 758 1622 iu
785 1588 926 1622 Demar.
952 1587 1049 1622 arch.
1075 1588 1144 1621 inv.
1172 1587 1359 1622 Seleucus:
1394 1586 1455 1621 lin.
1472 1589 1535 1631 31,
1562 1586 1782 1622 Antiochus:

277 1648 335 1681 lin.
355 1650 409 1691 (57,
435 1647 661 1681 Ptolemaeus
688 1645 914 1689 Epiphanes:
941 1645 1001 1678 lin.
1024 1648 1096 1679 139.
1201 1645 1260 1689 ¹0⁴)
1286 1644 1366 1687 Qua
1389 1642 1433 1678 de
1459 1654 1497 1678 re
1523 1643 1585 1678 cfr.
1611 1643 1783 1679 Homollii

279 1703 493 1737 »Arellii-es«
522 1710 586 1737 etc.
614 1714 646 1746 p.
665 1705 802 1737 47—54
833 1712 874 1735 ac
900 1701 1052 1735 maxime
1085 1700 1244 1735 tabulam
1276 1700 1313 1734 in
1338 1710 1372 1744 p.
1389 1701 1434 1734 50
1467 1699 1638 1745 scriptam
1670 1705 1707 1736 et
1739 1700 1783 1736 de

277 1761 419 1795 saeculo
454 1760 608 1794 seeundo
642 1758 936 1802 trittyarchorum
969 1757 1192 1801 catalogum,
1225 1767 1330 1800 quem
1356 1756 1432 1800 ipse
1459 1756 1574 1792 adieci
1600 1768 1634 1802 p.
1658 1761 1717 1792 lll
1745 1757 1783 1792 in

277 1824 361 1851 nota
387 1821 418 1852 8.
515 1819 574 1860 ¹⁰5)
601 1817 640 1850 In
667 1816 808 1850 Demar.
836 1814 932 1849 arch.
958 1814 1026 1848 inv.
1053 1813 1283 1858 appellantur
1299 1812 1551 1849 Theandridae
1576 1819 1632 1850 ter
1657 1809 1782 1849 eodem

276 1886 380 1918 anno,
407 1886 485 1908 vum
513 1874 583 1908 tria
609 1873 754 1908 vascula
782 1872 937 1906 dicarint
965 1871 1024 1914 ἐφ’
1053 1871 1180 1915 ἱερέως
1199 1869 1364 1912 Πολύβου
1381 1870 1457 1914 (lin.
1475 1873 1530 1915 46,
1558 1873 1621 1907 159
1638 1876 1675 1906 et
1695 1873 1783 1916 160),

276 1932 337 1975 qui
371 1931 570 1965 sacerdotio
597 1930 776 1974 Apollinis
809 1936 862 1964 est
894 1929 1037 1963 functus
1071 1929 1143 1973 (lin.
1161 1930 1218 1974 46)
1251 1929 1423 1964 archonte
1453 1928 1597 1973 Lycade
1619 1931 1782 1974 ‹a.227);

274 1989 523 2033 Mapsichidae
541 1987 672 2021 ibidem
691 1992 883 2021 occurrunt
900 1987 984 2020 item
1002 1992 1057 2020 ter
1082 1986 1157 2028 (lin.
1177 1988 1231 2029 20,
1256 1989 1311 2030 97,
1342 1988 1429 2030 114),
1455 1985 1519 2021 sed
1536 1986 1646 2021 variis
1663 1985 1781 2030 annis,

276 2052 465 2090 quaestore
493 2045 724 2089 Aphthoneto
751 2048 880 2087 (annus
906 2043 1080 2083 incertus)
1106 2048 1141 2077 et
1166 2042 1398 2077 archontibus
1425 2042 1548 2078 Sosico
1574 2047 1621 2086 (a.
1639 2045 1722 2085 235)
1746 2047 1782 2078 et

276 2104 389 2137 (jallia
416 2105 458 2145 (a.
477 2104 592 2145 2043‘3),
620 2101 763 2144 saepius
790 2106 908 2134 autem
933 2099 1162 2144 appellantur
1187 2099 1223 2132 in
1250 2099 1363 2133 Sosici
1389 2099 1486 2135 arch.
1504 2099 1574 2134 inv.
1599 2104 1691 2135 teste
1708 2098 1782 2134 Ho-

276 2160 413 2202 mollio,
447 2159 506 2202 qui
533 2170 575 2193 ex
603 2158 705 2192 titulo
738 2159 803 2192 hoc
830 2157 984 2191 nondum
1017 2156 1112 2191 edito
1139 2156 1261 2190 attulit
1284 2156 1391 2198 (Bull.
1418 2156 1450 2192 d.
1477 2157 1576 2192 Corr.
1601 2155 1694 2192 Heu.
1721 2155 1782 2201 VI,

275 2228 308 2261 p.
332 2220 404 2259 145,
431 2221 501 2249 not.
521 2220 555 2256 2>
582 2226 721 2249 versum
748 2226 872 2249 unum:
912 2213 1012 2247 ἄλλαι
1038 2214 1177 2258 φιάλαι,
1207 2211 1413 2259 Μαφιχιδῶν
1441 2213 1607 2259 ἀπαρχὴ,
1631 2211 1690 2247 ἐπ’
1719 2212 1783 2256 ἀρ-

272 2275 418 2320 χόντων
450 2271 669 2316 Ἀκριδίωνυς
694 2278 739 2315 (a.
759 2275 860 2315 240),
890 2270 1118 2316 Ἀγαῦάρχυυ
1145 2274 1190 2313 (8,.
1209 2273 1309 2315 239),
1344 2271 1512 2315 Δωριέως
1537 2274 1583 2310 (a.
1607 2271 1689 2312 238)
1713 2274 1780 2304 etc.

369 2331 429 2371 106)
456 2329 523 2364 Hic
551 2340 612 2373 per
638 2328 881 2371 duodeviginti
909 2339 1019 2362 annos
1046 2338 1067 2362 a
1084 2327 1270 2362 Milichide
1296 2331 1341 2370 (a.
1359 2329 1440 2370 267)
1465 2326 1510 2362 ad
1536 2325 1782 2362 Sosisthenem

275 2388 480 2421 archontem
507 2386 697 2430 quotannis
730 2385 888 2428 singulas
914 2384 1055 2428 phialas
1082 2384 1318 2419 consecravit:
1357 2383 1555 2419 Sosisthen.
1587 2382 1684 2418 arch.
1710 2382 1780 2417 inv.

277 2444 367 2478 inetl.
394 2444 453 2477 lin.
484 2447 660 2478 112-119
694 2442 788 2487 apud
822 2442 1037 2476 Homollium
1068 2441 1282 2476 »Archives«
1311 2445 1377 2476 etc.
1412 2452 1445 2485 p.
1469 2443 1532 2485 48,
1557 2443 1629 2475 not.
1653 2443 1686 2484 l,
1718 2438 1780 2483 qui

275 2501 425 2535 eundem
459 2500 568 2534 fuisse
595 2500 707 2534 credit
734 2499 904 2533 Hermian
930 2499 1024 2533 hunc
1051 2503 1158 2542 atque
1191 2497 1418 2532 nesiarchum
1443 2496 1604 2532 eiusdem
1626 2494 1780 2531 nominis

275 2558 493 2602 appellatum
521 2557 555 2590 in
583 2557 724 2591 Demar.
751 2557 846 2590 arrh.
866 2557 934 2590 inv.
954 2556 1092 2598 1in.71;
1119 2555 1242 2599 quain
1267 2566 1305 2590 re
1330 2555 1406 2589 viro
1431 2553 1636 2589 doctissimo
1659 2562 1779 2587 assen-

276 2615 333 2649 tiri
369 2624 437 2648 non
474 2624 633 2658 possum,
668 2613 753 2657 quia
785 2613 911 2647 mirum
938 2618 1050 2652 esset,
1086 2612 1114 2646 si
1141 2618 1221 2656 post
1251 2611 1381 2646 multos
1412 2620 1524 2645 annos
1556 2609 1780 2645 intermissos

275 2672 391 2706 denuo
417 2671 597 2705 dicaretur
622 2670 744 2715 phiala
769 2670 846 2704 eius
872 2669 1012 2704 nomine
1039 2669 1221 2713 appellata
1239 2668 1399 2712 Diogene
1425 2666 1596 2702 archonte
1621 2669 1668 2711 (a.
1689 2666 1779 2711 19⁷),

276 2734 400 2773 postea
426 2738 507 2762 vero
534 2739 597 2771 per
623 2727 742 2761 decem
770 2732 805 2761 et
830 2732 908 2761 octo
935 2736 1046 2761 annos
1079 2735 1191 2769 usque
1217 2724 1262 2759 ad
1289 2724 1479 2759 Demarem
1502 2722 1710 2758 archontum
1733 2732 1779 2758 ne
