1957 3293
890 315 1202 357 —208—

297 440 383 491 ἱερὰ
411 452 568 478 munere
597 439 800 486 functi,¹³⁰)
830 451 926 488 quos
955 440 1208 487 magistratus
1228 451 1394 478 summos
1422 440 1498 477 iam
1527 450 1646 487 supra
1663 439 1798 478 verisi-

297 503 493 540 millimum
525 503 644 539 visum
674 507 732 539 est
761 502 808 539 ab
838 501 1076 539 Athenarum
1106 502 1284 539 contione
1327 513 1411 539 esse
1445 501 1588 539 electos
1616 522 1666 528 -
1692 500 1800 539 vide-

303 567 393 604 licet
421 567 574 614 saepius
604 577 623 603 e
652 577 810 603 numero
840 566 975 602 civium
1006 565 1043 601 in
1064 564 1172 610 urbe,
1203 576 1278 602 non
1307 565 1345 601 in
1374 563 1501 601 insula
1528 562 1799 602 habitantium.

299 627 557 666 Confirmatur
585 627 679 665 haec
700 629 828 675 opinio
857 628 931 664 iam
963 628 1089 665 multis
1123 627 1259 673 titulis,
1287 627 1326 664 in
1347 626 1486 674 quibus
1506 630 1545 664 et
1563 626 1798 674 epheborum

299 696 337 729 et.
365 691 646 740 gymnasiarchi
681 690 724 727 fit
753 690 974 737 mentio,¹³¹)
1018 702 1100 729 cum
1144 691 1295 727 minime
1325 689 1483 727 credere
1524 689 1640 727 liceat
1679 687 1798 727 fuisse

299 766 364 792 eos
392 754 648 791 Athenienses
677 754 715 790 in
744 754 829 800 ipsa
857 754 985 791 Attica
1014 752 1244 799 habitantes,
1274 753 1339 800 qui
1368 755 1516 790 statuas
1536 750 1635 798 Deli,
1663 755 1707 789 ut
1734 751 1801 790 alii

300 828 452 864 quoque
488 816 671 859 homines,
714 816 870 853 maioris
912 816 1068 853 honoris
1110 826 1227 853 causa
1259 817 1464 862 ponerent:
1507 818 1614 862 patet
1651 815 1751 852 enim
1779 826 1799 852 e

299 879 424 917 titulis
452 879 511 916 his
541 878 789 916 dedicatoriis
817 877 1147 926 gymnasiarchum
1178 877 1245 915 tali
1287 878 1325 914 in
1368 876 1536 924 ephebos
1565 877 1798 916 auctoritate

300 953 385 979 esse
414 953 545 988 usum,
583 941 686 988 quali
716 941 877 978 Athenis
912 945 1081 979 cosmeta
1118 944 1200 978 erat
1233 939 1432 987 praeditus
1460 961 1509 966 —
1537 939 1594 977 illi
1631 943 1799 978 statuam

303 1004 482 1042 dedicant
511 1003 575 1040 τὸν
604 1002 755 1040 ἑαυτῶν
786 1005 1070 1054 γυμνασίαρχον
1097 1001 1420 1051 appellantes,¹³²)
1450 1001 1553 1051 quod
1580 1001 1793 1040 inauditum

304 1071 406 1105 esset
434 1067 609 1113 Athenis,
650 1067 715 1104 ubi
745 1068 805 1104 hic
834 1067 952 1104 honos
981 1070 1173 1104 cosmetae
1202 1066 1274 1104 soli
1302 1068 1535 1110 reservatur.
1569 1066 1635 1113 qui
1661 1068 1798 1103 contra

299 1131 337 1166 in
366 1130 488 1167 titulis
518 1130 674 1168 deliacis
709 1141 894 1177 nusquam
931 1130 1109 1167 occurrit.
1165 1129 1300 1176 Itaque
1344 1129 1382 1166 in
1423 1126 1613 1179 ἀπαρχῶν
1648 1139 1801 1176 quoque

299 1193 433 1230 tabula
468 1198 787 1231 commemoratur
816 1190 1100 1242 γυμνασιῖιρχος
1129 1191 1184 1233 εἰς
1211 1190 1257 1228 τὸ
1294 1189 1335 1227 ἐν
1363 1189 1474 1241 Δήλῳ
1508 1189 1798 1241 γυμνάσιονβθδ)

301 1260 492 1294 cosmetae
537 1268 624 1294 vero
666 1256 809 1293 mentio
838 1255 943 1293 nulla
980 1254 1033 1297 fit.
1076 1260 1118 1292 ut
1158 1265 1205 1291 ne
1246 1253 1365 1292 fuisse
1407 1253 1560 1302 quidem
1587 1253 1676 1292 Deli
1718 1253 1800 1291 eius

299 1329 436 1355 munus
466 1330 534 1366 pro
563 1323 669 1356 certo
700 1318 833 1356 haberi
853 1319 977 1365 possit
1005 1316 1216 1365 officiisque
1244 1318 1325 1354 eius
1353 1317 1684 1365 gymnasiarchum
1715 1327 1801 1354 esse

299 1379 492 1427 functum,
532 1392 644 1428 quem
673 1381 760 1427 eligi
798 1379 990 1427 suffragiis
1027 1380 1157 1427 populi
1192 1380 1344 1418 solitum
1379 1383 1495 1428 atque
1530 1380 1569 1417 in
1605 1377 1802 1417 definitum

299 1447 450 1490 tempus
479 1448 641 1491 apparet
671 1455 689 1480 e
718 1443 829 1480 titulo
859 1443 1023 1490 quodam
1059 1442 1226 1481 nondum
1264 1442 1366 1480 edito
1412 1441 1581 1490 mihique
1617 1441 1801 1480 Homollii

304 1504 490 1543 beneficio
519 1507 681 1553 cognito.
738 1505 790 1542 Et
817 1506 854 1542 in
884 1505 955 1542 hoc
985 1510 1023 1543 et
1056 1506 1094 1542 in
1124 1506 1210 1543 aliis
1246 1505 1395 1543 duobus
1430 1505 1504 1542 iam
1537 1504 1682 1552 publici
1709 1504 1804 1542 iuris

301 1567 413 1606 factis
443 1568 711 1606 collaudantur
741 1568 914 1605 homines
945 1567 1099 1615 quidam
1135 1567 1183 1605 ob
1225 1579 1296 1605 sua
1329 1568 1368 1604 in
1403 1564 1641 1617 ἐλευθέρους
1668 1564 1806 1608 παῖδας

302 1631 456 1669 merita:
486 1643 584 1668 unus
604 1632 773 1668 musicus
794 1634 853 1668 est
882 1630 1113 1678 Amphicles,
1143 1631 1208 1678 qui
1228 1629 1450 1678 prosodium
1479 1630 1518 1667 in
1538 1629 1625 1667 Deli
1653 1629 1801 1667 insulae

301 1694 509 1740 populique
545 1693 833 1731 Atheniensium
870 1692 1054 1730 honorem
1083 1698 1121 1730 et
1155 1693 1371 1740 composuit
1405 1696 1443 1730 et
1469 1703 1611 1740 pueros
1652 1691 1806 1729 edocuit

303 1755 352 1793 ad
381 1757 502 1803 lyram
531 1755 753 1801 canerem)
809 1755 886 1793 Iam
926 1767 1045 1803 supra
1072 1756 1151 1793 dixi
1185 1759 1273 1803 post
1306 1755 1469 1793 insulam
1507 1754 1557 1793 ab
1593 1754 1804 1792 Athenien-

400 1911 461 1952 130)
488 1910 536 1945 Ut
569 1909 732 1954 exempla
763 1908 925 1943 afferam:
964 1907 1123 1943 Nicanor
1153 1907 1344 1942 Nicanoris
1369 1907 1392 1942 f.
1424 1906 1710 1952 Leuconoensis‚
1744 1906 1806 1951 qui

303 1974 447 2004 curator
472 1969 610 2003 insulae
636 1968 704 2002 fuit
729 1967 947 2012 Apollodoro
973 1966 1144 2000 archonte
1169 1965 1276 2008 (Bull.
1295 1965 1327 1999 d.
1347 1965 1444 2000 Corr.
1470 1964 1563 2000 Hell.
1582 1964 1647 2009 111,
1672 1975 1707 2009 p.
1723 1965 1807 2007 376)

305 2027 463 2062 occurrit
487 2027 522 2060 in
549 2025 710 2069 catalogo
737 2025 954 2069 epheborum
981 2026 1053 2057 τῶν
1079 2022 1369 2069 ἐφηβευσάντων
1397 2021 1457 2056 ἐπὶ
1482 2020 1655 2056 Μενοίτου
1672 2019 1804 2068 ἄρχον-

305 2096 367 2122 τος
393 2084 444 2125 (C.
459 2084 485 2117 1.
502 2086 542 2117 A.
568 2083 619 2127 II,
645 2085 729 2125 465,
755 2082 815 2116 lin.
839 2084 912 2125 6623
946 2080 1155 2115 Theodorus
1188 2080 1349 2115 Hestiaei
1376 2079 1398 2114 f.
1425 2078 1467 2114 ἐκ
1495 2077 1712 2124 Κεραμέων,
1743 2078 1806 2123 qui

305 2152 383 2175 cum
411 2139 616 2184 Diophanto
642 2138 832 2173 Aristoclis
858 2137 879 2172 s.
907 2137 1191 2171 Marathoniensi
1224 2139 1295 2169 τῶν
1322 2137 1378 2170 ἐπὶ
1404 2136 1445 2171 τὰ
1471 2136 1556 2180 ἱερά
1581 2146 1727 2171 munere
1753 2141 1809 2171 est

303 2198 446 2232 functus
471 2197 595 2231 Procle
621 2196 791 2230 archonte
827 2195 933 2237 (Bull.
960 2194 992 2228 d.
1020 2194 1116 2229 Corr.
1144 2193 1236 2228 Hell.
1255 2194 1358 2239 VIII,
1386 2205 1419 2238 p.
1442 2196 1520 2230 126:
1557 2193 1621 2228 cfr.
1647 2191 1733 2228 ibid.
1758 2191 1802 2238 X,

305 2266 337 2299 p.
357 2258 433 2298 35),
467 2259 624 2288 cosmeta
655 2253 773 2287 fuerat
798 2251 1008 2296 Hipparcho
1034 2251 1223 2296 archonte,
1255 2261 1388 2286 corona
1419 2251 1571 2286 donatus
1604 2250 1807 2295 insequenti

304 2311 437 2345 Lenaei
465 2320 557 2344 anno
584 2310 634 2353 (C.
650 2310 674 2343 I.
690 2310 733 2343 A.
754 2309 797 2353 11,
823 2312 900 2352 469,
927 2307 987 2341 lin.
1006 2308 1073 2351 52).
1256 2307 1316 2349 ¹³¹)
1342 2306 1420 2342 c.1.
1436 2307 1479 2342 G.
1497 2309 1598 2351 2276,
1623 2309 1712 2343 2277
1723 2317 1755 2342 a.
1774 2307 1808 2352 b,

306 2370 412 2410 22793
444 2367 537 2401 Bull.
563 2366 595 2400 d.
625 2368 722 2401 (¹0rr.
750 2365 842 2400 Hell.
869 2364 936 2399 III.
963 2376 996 2408 p.
1015 2366 1099 2407 3763
1134 2364 1194 2408 IV,
1220 2375 1253 2408 p.
1277 2366 1348 2399 188.
1397 2364 1438 2398 In
1470 2363 1575 2399 titulo
1601 2374 1671 2399 uno
1696 2373 1719 2399 a
1740 2363 1809 2400 Le-

306 2424 410 2468 begio
429 2424 571 2458 invento
590 2421 875 2466 (nRecherchesa
894 2427 959 2455 etc.
978 2430 1033 2454 no.
1048 2423 1106 2462 23)
1125 2420 1233 2455 etiam
1252 2421 1591 2467 ὑπογυμνασιάρχου
1609 2418 1650 2455 fit
1665 2421 1809 2465 mentio,

306 2482 367 2517 sed
393 2481 513 2517 nescio
539 2492 583 2515 an
609 2491 679 2515 non
706 2481 752 2515 sit
776 2480 860 2513 hnic
893 2478 1043 2522 tempori
1070 2477 1295 2512 tribuendus:
1335 2477 1480 2512 nomina
1505 2476 1554 2512 ibi
1579 2477 1810 2513 occurrentia

307 2539 449 2573 Mennis
475 2543 509 2573 et
535 2538 658 2573 Crittis
685 2537 803 2581 potius
831 2536 953 2570 Delios
980 2535 1145 2570 videntur
1171 2534 1349 2578 indicare;
1383 2533 1541 2579 accedit,
1573 2533 1668 2578 quod
1693 2543 1803 2579 pago·

306 2607 384 2630 rum
410 2595 553 2630 nomina
578 2605 646 2628 non
674 2599 756 2628 sunt
781 2593 914 2628 addita.
1011 2593 1072 2635 ¹³²)
1097 2591 1267 2627 Nicanori
1292 2591 1483 2626 Nicanoris
1500 2590 1523 2626 f.
1541 2590 1805 2639 Leuconoensi:

308 2653 400 2687 Bull.
427 2652 459 2686 d.
485 2653 582 2686 Corr.
610 2650 700 2685 Hell.
728 2650 797 2693 ΙΙΙ,
824 2661 857 2693 p.
875 2652 952 2684 376.
1140 2649 1199 2690 ¹³³)
1224 2647 1360 2682 C.1.A.
1386 2647 1438 2693 11,
1463 2651 1531 2684 985
1555 2647 1598 2683 fr.
1623 2647 1664 2683 Β.
1690 2647 1756 2683 col.
1782 2647 1810 2693 1,

308 2710 367 2744 lin.
392 2712 540 2753 16—17;
566 2708 608 2743 D.
635 2707 700 2743 col.
719 2707 745 2751 1,
772 2707 831 2741 lin.
850 2709 910 2750 303
937 2707 977 2740 E.
1004 2706 1070 2741 col.
1090 2706 1134 2750 11,
1160 2706 1219 2740 lin.
1238 2707 1387 2741 53—54.
1516 2705 1578 2749 ¹⁸⁴)
1604 2703 1808 2750 »Rapportc

308 2772 373 2801 etc.
400 2777 432 2811 p.
453 2768 508 2811 37,
534 2776 588 2800 no.
607 2767 668 2801 67:
701 2764 869 2799 laudatur
895 2764 1108 2809 Apollonius
1135 2763 1307 2799 Demetrii
1333 2763 1356 2798 f.
1382 2762 1633 2807 Laodicensi83
1659 2761 1752 2798 Bull.
1776 2761 1810 2798 d.
