1957 3293
906 291 1211 333 —140—

320 419 483 455 comicos
503 422 541 455 et.
559 418 737 465 tragicos,
767 428 861 465 quos
890 418 1034 454 minore
1062 416 1205 454 honore
1231 415 1348 454 fuisse
1377 416 1435 454 vel
1465 427 1512 454 ex
1531 416 1627 462 loco,
1656 415 1695 453 in
1722 426 1798 464 quo

320 481 673 528 perscribebantur,
703 484 827 527 patet,
864 479 1102 517 instruebant
1132 479 1336 527 quotannis
1363 478 1539 527 quaterni
1567 490 1614 516 ex
1641 477 1801 524 civibus,

321 543 398 580 bini
427 556 472 580 ex
501 543 756 581 metoecis¹¹⁴)
786 543 954 590 choragi.
1011 543 1146 590 Itaque
1184 542 1352 580 videmus
1387 541 1434 580 ad
1463 542 1600 580 choros
1634 540 1802 580 omnium

320 618 499 653 generum
534 606 787 643 instituendos
825 618 908 643 esse
943 617 962 643 e
998 605 1141 643 civibus
1177 605 1318 643 electos
1354 608 1562 653 quaternos
1596 603 1799 652 quotannis

320 669 516 716 choragros,
546 670 609 716 qui
639 680 815 706 numerus
837 669 926 716 quin
948 679 1029 705 cum
1060 668 1259 715 phylarum
1288 678 1445 705 numero
1466 667 1681 712 cohaereat,
1709 664 1798 702 mihi

321 743 395 769 nou
424 736 481 768 est
500 731 667 777 dubium,
696 730 743 768 ad
771 731 999 768 comicorum
1028 734 1153 767 autem
1175 733 1212 767 et
1240 730 1469 777 tragicorum
1498 731 1670 776 sumptus
1690 727 1803 765 etiam

321 795 429 831 binos
457 795 659 842 quotannis
694 798 883 830 metoecos
919 793 1136 830 contulisse.
1193 792 1252 830 Ad
1279 792 1483 840 inquilinos
1511 801 1601 829 vero
1629 789 1800 828 homines

322 857 421 905 quod
451 869 573 904 neque
608 867 810 904 puerorum
847 866 970 903 neque
999 856 1185 902 virgiuum
1221 855 1326 893 chori
1354 854 1615 903 pertinebant,
1650 854 1803 891 minime

322 926 380 958 est
405 921 552 966 mirum,
581 930 662 957 cum
692 919 820 955 multis
849 918 1030 965 exemplis
1059 922 1208 956 constet
1235 917 1283 956 ad
1311 917 1379 955 hos
1409 928 1481 955 non
1503 927 1586 955 esse
1614 915 1802 955 admissos

321 985 395 1021 nisi
424 983 567 1020 civibus
596 981 820 1029 parentibus
849 984 970 1018 natos.

428 1047 560 1092 Nemo,
589 1047 648 1083 cui
669 1045 900 1082 didascaliae
928 1044 1067 1083 atticae
1095 1054 1170 1080 non
1198 1044 1349 1090 ignotae
1377 1047 1477 1089 sunt,
1505 1041 1705 1080 mirabitur
1725 1041 1810 1080 Deli

325 1122 477 1158 quoque
514 1108 702 1146 interdum
739 1107 873 1145 choros
914 1107 1077 1144 comicos
1117 1106 1360 1153 tragicosque
1401 1117 1477 1144 non
1517 1104 1724 1153 productos
1759 1126 1807 1132 —

323 1185 407 1211 nam
445 1170 591 1208 παίδων
627 1171 763 1208 choros
798 1171 997 1217 utriusque
1032 1170 1182 1216 generis
1210 1169 1272 1206 vix
1300 1179 1466 1216 unquam
1493 1167 1608 1206 credo
1636 1168 1810 1214 omissos,

325 1236 495 1284 quamvis
524 1233 702 1272 deficiant
730 1233 955 1271 documenta
982 1254 1050 1279 —‚
1084 1233 1219 1269 mirum
1247 1232 1508 1270 tantummodo
1537 1231 1657 1270 videri
1684 1234 1812 1279 potest

323 1301 360 1337 in
396 1299 567 1336 undecim
603 1297 724 1335 titulis
759 1296 969 1343 choragieis
1005 1303 1118 1339 (unus
1153 1294 1324 1340 enim¹¹⁵)
1352 1299 1430 1333 tam
1457 1294 1562 1333 lacer
1589 1298 1666 1341 est,
1693 1297 1737 1331 ut
1763 1293 1810 1331 de

323 1375 367 1401 eo
398 1363 488 1400 nihil
518 1361 591 1399 dici
619 1361 760 1408 possit)
790 1371 865 1397 non
894 1359 1048 1406 saepius
1077 1369 1188 1406 quam
1217 1358 1334 1396 semel
1361 1357 1473 1395 huius
1500 1357 1557 1395 rei
1584 1357 1812 1395 mentionem

323 1425 425 1464 fieri:
456 1436 554 1463 anno
576 1424 771 1461 Timoxeni
799 1423 992 1461 archontis
1022 1425 1072 1467 (a.
1098 1425 1184 1466 171)
1214 1421 1307 1459 nulli
1335 1421 1489 1469 choragi
1517 1420 1654 1468 tragici
1681 1420 1814 1468 appel·

326 1490 472 1534 lantur,
508 1499 590 1525 cum
627 1488 726 1524 inter
761 1485 926 1524 artifices
955 1485 1174 1533 tragoediae
1203 1489 1352 1523 actores
1380 1481 1816 1529 commemorentunlffi)

326 1551 428 1600 quod
463 1562 551 1588 vero
585 1551 626 1587 in
660 1549 807 1597 lapide,
843 1551 880 1586 in
917 1560 991 1597 quo
1023 1550 1097 1587 iam
1126 1548 1204 1586 dixi
1234 1551 1378 1596 septem
1407 1558 1591 1586 annorum
1620 1546 1814 1594 catalogos

326 1620 478 1653 exstare
513 1615 671 1659 incis03,
700 1624 775 1650 non
803 1613 984 1650 continua
1011 1614 1069 1649 est
1096 1621 1282 1649 annorum
1311 1611 1451 1658 series,
1478 1614 1522 1648 ut
1549 1613 1815 1658 exspectamus

327 1677 491 1726 quidem,
511 1677 582 1714 hoc
603 1687 694 1714 casu
715 1677 840 1723 potius
861 1674 1001 1713 factum
1022 1686 1105 1712 esse
1127 1675 1314 1720 existimo,
1342 1684 1419 1712 non
1447 1673 1538 1721 quia
1563 1671 1673 1710 annis
1700 1672 1816 1709 inter-

327 1742 463 1789 positis
500 1741 650 1777 omnino
687 1751 761 1777 nou
797 1743 923 1776 essent
957 1737 1037 1775 ludi
1073 1737 1274 1783 celebrati,
1308 1747 1392 1774 cum
1426 1747 1502 1774 non
1537 1735 1588 1773 sit
1613 1733 1816 1772 verisimile

327 1816 396 1852 per
419 1804 549 1850 viginti
570 1803 729 1840 duorum
750 1814 933 1840 annorum
963 1802 1127 1849 spatium
1157 1800 1422 1849 quaterdecies
1449 1798 1560 1837 ludos
1589 1809 1672 1837 esse
1699 1798 1817 1835 inter-

327 1868 475 1904 missos.
532 1866 661 1903 Pauca
695 1870 802 1909 sunt,
840 1876 936 1913 quae
971 1868 1173 1912 praeterea
1209 1863 1284 1901 dici
1317 1862 1467 1911 possint
1493 1860 1540 1899 de
1567 1860 1818 1908 choragorum

329 1931 524 1975 instituto,
559 1941 642 1966 cum
678 1929 913 1966 documentis
948 1928 1091 1965 nostris
1128 1927 1223 1964 nihil
1256 1926 1497 1964 contineatur
1523 1924 1598 1962 nisi
1624 1923 1816 1962 nominum

329 1993 520 2038 laterculi;
560 1992 746 2040 quaedam
781 1996 907 2030 tamen
942 1991 1191 2037 investigasse
1227 1989 1317 2027 mihi
1353 1989 1454 2026 visus
1488 1998 1570 2025 sum
1605 1998 1651 2026 ex
1685 1985 1818 2025 ordine

329 2057 425 2103 ips0‚
455 2067 529 2103 quo
554 2059 642 2092 sunt
670 2056 824 2103 scripta.
872 2055 916 2091 In
944 2066 1009 2092 sex
1039 2052 1189 2101 quidem
1218 2050 1413 2095 titulis¹¹⁷)
1441 2050 1530 2089 talis
1558 2053 1618 2088 est
1644 2048 1750 2096 ordo,
1778 2052 1820 2086 ut

330 2122 419 2166 post
447 2115 647 2167 κωμῳδῶν
675 2121 712 2154 et
739 2115 943 2166 τραγῳδῶν
971 2115 1087 2153 verba
1114 2115 1275 2162 primum
1305 2113 1481 2162 quaterni
1507 2113 1644 2151 civium
1664 2111 1819 2159 choragi

332 2181 594 2228 appellentur,
623 2180 759 2218 deinde
789 2180 866 2217 bini
894 2183 1149 2217 metoecorum
1178 2199 1226 2204 -
1254 2176 1348 2214 nihil
1375 2175 1463 2214 inde
1490 2173 1722 2224 proficimus.
1775 2173 1820 2212 In

331 2249 515 2292 quattuor
543 2243 705 2286 verom)
734 2244 845 2281 aliter
873 2246 961 2280 sunt
980 2242 1133 2279 nomina
1160 2240 1359 2288 disposita,
1387 2242 1431 2277 ut
1458 2239 1620 2287 primum
1654 2240 1817 2285 utroque

336 2312 420 2347 loco
465 2311 804 2345 commemorentur
844 2306 921 2343 bini
964 2304 1117 2352 choragi
1152 2303 1298 2348 civiles,
1341 2300 1478 2340 deinde
1519 2300 1658 2349 singuli
1698 2299 1822 2348 inqui-

333 2374 417 2419 lini,
455 2374 589 2410 iterum
619 2370 697 2407 bini
732 2370 832 2407 cives
868 2367 1082 2415 singulique
1117 2366 1295 2412 metoeci3
1329 2365 1439 2404 cuius
1475 2363 1621 2403 ordinis
1647 2362 1821 2401 inusitati

333 2448 448 2475 causa
483 2446 556 2472 non
593 2434 685 2471 satis
719 2433 924 2480 perspicua
957 2431 1171 2479 explicatur
1203 2428 1315 2467 titulo
1343 2427 1586 2475 duodecimo,
1612 2425 1678 2465 ubi
1704 2426 1822 2464 victo-

426 2586 486 2627 ¹¹⁴)
511 2581 663 2617 Metoeci
690 2581 757 2615 nisi
784 2581 818 2614 in
845 2579 958 2614 titulis
984 2577 1183 2621 choragicis
1208 2587 1277 2612 non
1294 2578 1623 2619 commemorantur,
1647 2582 1755 2618 quam
1779 2572 1823 2608 ob

335 2653 406 2676 rem
433 2641 476 2675 de
502 2651 621 2675 eorum
647 2638 854 2673 condicione
879 2637 967 2671 nihil
993 2636 1062 2671 dici
1090 2640 1215 2680 potest.
1312 2635 1373 2676 1¹⁵)
1396 2631 1538 2667 Nonus:
1563 2630 1656 2666 Bull.
1673 2629 1706 2665 d.
1725 2629 1823 2665 Gorr.

336 2700 427 2734 Hell.
446 2699 523 2742 Vll,
551 2709 583 2742 p.
606 2700 678 2731 115.
820 2696 877 2731 ¹¹⁶}
904 2693 1121 2728 Duodecimn
1146 2693 1180 2726 in
1199 2691 1318 2727 titulo:
1345 2688 1438 2725 Bull.
1462 2687 1495 2723 d.
1521 2687 1618 2724 Corr.
1642 2685 1735 2723 Heu.
1761 2685 1823 2730 IX,

337 2769 368 2801 p.
393 2760 463 2791 ιω.
584 2755 642 2796 m,
669 2754 713 2797 11,
738 2753 797 2796 ιν,
825 2753 865 2795 v,
892 2752 951 2795 Vl,
979 2751 1055 2795 vn,
1082 2750 1175 2784 vm.
1316 2748 1376 2790 ¹¹⁸)
1400 2747 1428 2792 1,
1453 2745 1516 2791 ln,
1542 2744 1585 2791 x,
1610 2743 1689 2779 ΧΗ.
