1979 3326
767 308 1046 348 -95-

162 437 202 471 et
227 432 447 471 libertatem
475 436 783 480 recuperassent,
811 432 851 470 id
880 431 982 480 quod
1002 431 1143 470 factum
1168 443 1252 470 esse
1281 435 1433 470 constat
1454 431 1524 469 sub
1545 430 1658 469 finem

161 495 371 534 Ptolemaei
400 495 546 534 Soteris
574 496 693 543 regni.
736 495 883 534 Eadem
911 497 1143 544 cogitatione
1173 495 1309 533 ductus
1336 494 1562 541 Homollius,
1592 496 1656 543 qui

157 558 259 605 olim,
290 569 374 596 cum
402 558 554 596 titulum
574 557 719 605 publici
744 559 837 596 iuris
858 557 1012 605 faceret,
1043 558 1255 596 Ptolemaei
1276 557 1518 606 Philadelphi
1538 560 1656 597 aetati

159 633 241 659 eum
271 620 515 669 assignabat,
550 631 650 658 nunc
677 621 779 658 inter
815 632 935 659 annos
964 626 1178 659 315—308
1216 620 1308 658 dicit
1342 620 1461 668 lapidi
1492 633 1574 659 esse
1603 623 1658 660 in-

157 683 332 729 cisum.⁵)
376 683 708 731 Supervacaneum
738 695 829 721 sane
851 687 953 721 esset
981 695 1136 722 monere
1157 684 1416 722 Ptolemaeum
1445 689 1523 722 tum
1553 686 1657 732 regio

156 747 308 785 nomine
336 758 460 794 neque
495 757 607 784 usum
642 757 726 784 esse
761 758 885 794 neque
920 747 959 784 in
991 747 1103 785 titulo
1133 747 1322 795 appellari
1356 749 1549 795 potuisse,
1586 748 1658 785 nisi

159 808 480 857 Dittenbergerus
509 809 624 847 solito
652 809 776 846 minus
805 813 940 846 cautus
969 810 1007 846 in
1035 809 1173 847 lacuna
1198 808 1383 858 βασιλεὺς
1413 821 1539 848 vocem
1570 822 1659 858 sup·

155 870 388 919 plevisset.⁶)
431 871 673 910 Arctioribus
701 873 818 919 igitur
842 870 981 909 finibus
1010 877 1172 920 tempus,
1203 884 1278 921 quo
1307 874 1569 912 insulanorum
1599 885 1658 912 so-

159 935 278 972 cietas
306 935 516 972 constituta
535 939 604 982 est,
626 936 688 972 vix
716 935 977 972 circumscribi
997 939 1136 983 potest,
1167 948 1278 984 quam
1310 942 1351 974 ut
1378 942 1467 984 post
1495 941 1655 974 mortem

159 996 371 1035 Alexandri
393 1000 432 1035 et
458 1002 546 1036 ante
568 998 740 1035 Athenas
769 1009 792 1035 a
810 997 1009 1036 Demetrio
1038 1003 1173 1046 captas
1202 999 1274 1037 hoc
1303 998 1443 1038 factum
1473 999 1655 1038 dicamus.

260 1060 396 1109 Neque
424 1061 544 1109 magis
582 1060 793 1098 diiudicare
822 1060 965 1107 audeo,
996 1066 1123 1099 utrum
1151 1061 1398 1100 Ptolemaeus
1427 1063 1488 1099 vel
1517 1062 1657 1100 Rhodii

159 1123 325 1162 foederis
353 1124 466 1162 huius
495 1128 671 1162 auctores
699 1123 854 1171 fuerint,
883 1136 931 1162 an
959 1125 1134 1163 civitates
1163 1126 1328 1163 minores
1366 1126 1551 1163 societate
1581 1126 1658 1174 pri-

158 1199 260 1226 mum
287 1188 390 1225 inter
417 1199 457 1225 se
485 1188 616 1225 iuncta
650 1191 787 1235 postea
821 1187 869 1225 ad
897 1187 1133 1225 Rhodiorum
1169 1189 1380 1236 potentiam
1411 1200 1451 1226 se
1490 1189 1658 1237 applica-

162 1251 287 1288 verint
315 1251 434 1299 (quod
467 1251 558 1288 mihi
588 1250 741 1298 quidem
769 1251 1012 1288 verisimilius
1041 1250 1220 1296 videtur).
1275 1251 1359 1289 Hoc
1394 1251 1546 1299 quidem
1575 1263 1655 1290 cer—

162 1317 242 1351 tum
281 1318 339 1351 est
370 1313 541 1351 Rhodios
569 1318 658 1362 post
684 1314 826 1352 bellum
863 1325 947 1351 cum
977 1314 1172 1352 Demetrio
1202 1315 1454 1362 compositum
1484 1320 1522 1353 et
1552 1317 1658 1364 prin-

161 1377 328 1424 cipatum
364 1378 560 1415 societatis
593 1377 854 1415 insulanorum
889 1376 1000 1415 facile
1037 1377 1248 1416 obtinuisse
1279 1383 1317 1415 et
1345 1390 1427 1416 eam
1456 1380 1578 1426 ipsam
1607 1379 1657 1417 ad

159 1439 339 1477 maiorem
367 1440 686 1478 existimationem
714 1442 948 1489 provexisse.
991 1441 1241 1490 Rhodiosque
1269 1441 1435 1480 foederis
1462 1444 1657 1490 principes

158 1502 264 1547 dico,
306 1513 378 1540 non
413 1502 674 1542 Ptolemaeum
713 1507 828 1552 (quae
863 1509 921 1542 est
960 1505 1139 1542 Homollii
1178 1507 1404 1551 sententia),
1443 1507 1532 1554 quia
1570 1518 1658 1544 nus-

162 1576 275 1613 quam
303 1570 467 1613 apparet
496 1566 594 1605 hunc
623 1571 770 1605 tantum
799 1568 902 1616 apud
923 1569 1047 1606 socios
1070 1568 1235 1607 valuisse
1263 1570 1507 1614 auctoritate,
1538 1581 1658 1617 quan-

160 1632 240 1666 tum
269 1628 459 1676 quondam
487 1630 742 1669 Athenienses
770 1633 808 1668 in
837 1631 1123 1679 amphictyonia
1152 1632 1312 1677 deliaca,
1341 1644 1466 1680 neque
1496 1644 1657 1680 usquam

161 1689 205 1728 fit
230 1692 372 1729 mentio
393 1692 527 1730 classis
547 1694 732 1741 Aegytiae
755 1694 812 1732 vel
833 1695 1017 1733 nauarchi
1037 1696 1146 1743 regii,
1176 1707 1261 1733 cum
1290 1697 1446 1743 saepius
1475 1701 1513 1734 et
1541 1708 1656 1734 naves

163 1753 337 1793 Rhodiae
361 1759 399 1792 et
426 1754 542 1793 duces
567 1767 696 1794 eorum
720 1763 1079 1805 commemorentur,
1109 1770 1179 1796 nec
1201 1759 1407 1797 verisimile
1433 1759 1525 1796 mihi
1556 1760 1656 1798 vide-

160 1820 234 1863 tur,
257 1819 287 1855 si
308 1818 442 1856 eadem
462 1817 598 1856 fuisset
618 1819 880 1857 insulanorum
902 1831 992 1867 erga
1020 1832 1104 1858 eum
1125 1820 1298 1858 condicio
1328 1826 1443 1869 atque
1472 1822 1656 1860 tredecim

160 1880 355 1918 civitatum
383 1882 593 1920 ionicarum
630 1893 723 1929 erga
750 1882 866 1920 Asiae
894 1894 1041 1930 regem,
1076 1882 1247 1921 Rhodios
1283 1896 1451 1932 unquam
1481 1885 1528 1922 ad
1558 1885 1657 1923 hanc

157 1944 380 1982 societatem
410 1955 634 1982 accessuros
662 1943 793 1991 fuisse,
823 1956 899 1992 qua
919 1945 1198 1993 quodammodo
1228 1946 1298 1984 sub
1324 1948 1525 1995 imperium
1555 1950 1655 1996 regis

160 2006 341 2054 Aegyptii
369 2007 702 2055 subiungerentur.

255 2069 462 2109 Habebant
490 2072 583 2109 socii
612 2083 721 2109 suum
750 2073 972 2120 concilium,
1009 2073 1111 2122 quod
1146 2073 1350 2124 συνέδριον
1385 2075 1656 2122 appellabatur

157 2133 406 2182 νησιωτῶν,7)
435 2135 485 2173 ad
514 2135 616 2184 quod
646 2136 818 2184 singulae
847 2138 1023 2175 civit-ates
1053 2138 1223 2186 singulos
1252 2139 1461 2185 minimum,
1492 2139 1654 2177 fortasse

154 2195 286 2243 plures
314 2198 518 2237 mittebant
545 2199 705 2247 legatos.
768 2200 842 2238 Sed
870 2206 996 2239 utrum
1026 2201 1120 2239 illud
1149 2213 1218 2249 per
1247 2206 1367 2239 totum
1398 2213 1538 2240 aunum
1576 2214 1655 2240 mu—

248 2361 276 2406 5)
304 2362 520 2398 »Archives«
539 2368 605 2398 etc.
623 2375 657 2409 p.
674 2367 720 2399 40
733 2375 808 2409 sqq.
846 2365 977 2400 Inutile
995 2365 1083 2400 mihi
1100 2365 1242 2401 videtur
1258 2367 1453 2412 disputare,
1479 2378 1548 2411 quo
1570 2373 1654 2402 19111-

152 2427 238 2462 pore
263 2417 460 2454 Phoenicia
484 2419 689 2456 Ptolemaeo
715 2422 769 2456 vel
795 2422 903 2457 Sidon
929 2422 1082 2457 Philocli
1109 2433 1235 2467 parere
1261 2426 1427 2469 potuerit,
1453 2436 1532 2460 cum
1559 2432 1654 2461 certe

152 2485 221 2510 non
247 2481 288 2511 ut
305 2476 530 2512 Sidoniorum
555 2489 619 2513 rex
636 2479 754 2514 iussus
773 2479 819 2514 sit
837 2490 858 2513 a
876 2479 1082 2514 Ptolemaeo
1109 2482 1280 2525 pecunias
1306 2482 1420 2517 Deliis
1446 2482 1585 2517 debitas
1610 2484 1655 2517 ab

153 2532 329 2569 insulanis
355 2534 509 2579 exigere,
542 2535 604 2570 sed
630 2541 752 2581 pateat
777 2547 856 2571 911111
894 2538 1072 2573 exercitus
1105 2539 1197 2583 parti
1228 2540 1427 2584 praefuisse
1456 2541 1508 2575 vel
1537 2542 1656 2586 potius

151 2589 258 2625 classi
285 2596 320 2626 et
344 2592 517 2627 nauarchi
543 2593 652 2637 (quod
678 2604 804 2629 nomen
837 2595 956 2639 paullo
983 2596 1075 2630 infra
1106 2596 1141 2631 in
1168 2597 1272 2632 titulo
1307 2599 1475 2632 occurrit}
1509 2609 1653 2633 munere

151 2656 229 2682 esse
252 2647 424 2693 functum,
449 2649 544 2694 quod
569 2655 605 2686 et
629 2661 692 2686 rex
716 2651 834 2686 facere
861 2658 1003 2697 poterat
1027 2659 1063 2688 91
1088 2654 1181 2689 exul.

239 2705 268 2750 ὃ)
294 2705 378 2750 Syll.
405 2705 514 2741 Inscr.
540 2707 666 2743 Graec.
693 2709 721 2752 I,
746 2720 779 2744 11.
810 2714 881 2745 155.
997 2711 1026 2753 7)
1054 2711 1145 2746 Β1111.
1174 2712 1206 2746 (1.
1234 2713 1331 2747 Corr.
1358 2713 1449 2748 11911.
1478 2713 1554 2757 vll,
1581 2725 1613 2759 p.
1632 2717 1651 2751 7

152 2764 188 2795 et
213 2761 356 2806 passim.
