1979 3326
228 387 303 425 Sed
331 391 373 425 ut
399 387 448 426 ad
472 387 615 434 templa
635 387 749 425 Delia
768 391 954 433 revertar,
983 387 1149 424 maxima
1169 386 1397 424 documenta
1425 387 1512 434 duo,
1542 388 1623 435 qui-

126 451 196 488 bus
224 449 470 489 confirmatur
499 452 691 489 sententia
718 463 802 489 mea
822 451 867 488 de
899 448 1092 500 Ἀθηναίων
1122 454 1159 487 91
1189 448 1332 500 Δηλίων
1363 452 1435 500 νεῷ
1459 451 1623 498 prolata,

124 524 244 561 usque
274 513 322 551 ad
352 512 463 551 finem
490 513 762 560 disputationis
791 514 1002 552 reservavi:
1032 514 1195 560 primum
1226 514 1431 551 verisimile
1461 525 1536 551 non
1566 518 1625 551 est

125 576 380 614 Athenienses
409 588 572 615 coronas
593 577 679 615 illas
709 578 965 625 pentetericas
985 588 1148 624 usquam
1170 577 1261 614 alibi
1283 588 1529 615 consecrasse
1552 578 1622 614 nisi

125 639 163 676 in
183 639 324 687 templo
346 639 419 685 del,
441 641 549 678 cuius
570 639 743 690 ἀρεστεῖα
765 640 1011 685 dicebantur;
1041 639 1179 677 deinde
1201 641 1479 688 antiquissimis
1499 640 1623 677 hiero-

125 713 308 749 poeorum
331 702 564 740 deliacorum
583 704 808 741 inventariis
825 714 908 740 cum
930 702 1247 750 amphictyonicis
1268 704 1430 750 collatis,
1453 703 1623 740 videmus

123 767 268 814 templa
301 767 339 804 in
374 768 420 805 iis
450 768 665 806 enumerari
694 767 825 805 eodem
855 766 1008 813 ordine,
1044 767 1116 804 nisi
1153 766 1255 814 quod
1287 766 1482 804 Deliorum
1519 766 1624 803 delu-

123 828 229 866 brum
252 828 370 876 (quod
387 829 480 872 ναὸς
494 828 725 871 Ἀπόλλωνος
742 829 966 877 simpliciter
980 829 1215 876 appellatur)
1237 831 1491 877 praeponitur
1507 830 1623 867 Athe-

123 892 310 929 niensium
339 891 442 939 fano,
476 894 535 930 cui
563 897 723 940 propter
752 893 880 930 odium
909 904 1039 930 eorum
1069 904 1142 929 non
1173 893 1295 930 solum
1325 904 1461 930 nomen
1491 894 1622 930 immu-

122 957 241 991 tatum
273 957 332 991 est
361 953 468 998 (ναὸς
496 952 540 991 οὔ
571 954 618 991 τὰ
646 952 744 991 ἑπτὰ
773 952 1011 1004 ἀγάλμαῖα),
1047 954 1114 991 sed
1144 955 1255 992 etiam
1286 956 1470 1003 paulatim
1501 956 1621 993 omnis

122 1015 201 1054 fere
231 1017 404 1064 supellex
434 1028 545 1055 sacra
573 1017 714 1055 ablata.
769 1015 894 1054 Credo
924 1018 1039 1064 igitur
1077 1017 1293 1064 opinionem
1324 1029 1444 1056 meam
1474 1022 1622 1056 tantum

124 1079 267 1117 habere
295 1078 396 1126 fidei,
427 1084 611 1128 quantum
640 1081 677 1117 in
707 1080 822 1118 rebus
851 1080 1066 1117 huiusmodi
1095 1081 1249 1128 assequi
1279 1081 1569 1128 possumusl⁰⁷>

230 1144 364 1191 Neque
395 1143 514 1181 solum
546 1143 594 1181 ad
624 1144 899 1191 quaestionem,
922 1155 996 1191 quo
1025 1148 1196 1191 tempore
1226 1145 1470 1182 novissimum
1494 1144 1621 1182 fanum

122 1205 322 1243 Deliacum
365 1210 599 1244 exstructum
647 1208 712 1252 sit,
762 1206 1029 1244 illustrandam
1079 1207 1172 1244 haec
1220 1207 1484 1245 demonstrare
1526 1209 1622 1245 iute-

121 1272 246 1307 rerat:
282 1279 400 1315 1111119,
441 1280 524 1306 911111
560 1270 750 1317 cognitum
787 1269 970 1307 habemus
999 1270 1038 1307 in
1072 1270 1383 1318 amphictyonum
1419 1272 1622 1309 atticorum

122 1333 356 1379 inventario,
400 1332 616 1371 Timocrate
658 1333 841 1371 archonte
879 1333 995 1380 lapidi
1031 1334 1170 1379 inciso,
1215 1338 1368 1371 exstare
1404 1335 1623 1382 perscripta

122 1395 248 1433 omnia
289 1395 406 1441 dona,
448 1399 637 1443 quotquot
677 1395 977 1433 asservabantur
1012 1397 1048 1433 in
1084 1398 1231 1444 magnis
1267 1397 1420 1444 templis
1464 1397 1622 1434 deliacis

122 1457 316 1505 omnibus,
353 1470 493 1506 operae
528 1460 693 1507 pretium
728 1465 786 1497 est
823 1471 1028 1507 quaerere,
1065 1464 1248 1507 quantum
1284 1462 1366 1497 auri
1397 1463 1622 1508 argentique

122 1522 285 1569 pondus,
317 1525 484 1570 quantae
513 1521 656 1560 fuerint
683 1522 808 1560 medio
838 1523 990 1560 saeculo
1019 1527 1155 1570 quarto
1185 1522 1341 1560 divitiae
1361 1522 1623 1561 Lat-oidarum.

124 1584 178 1622 Ut
207 1595 230 1622 a
260 1584 405 1623 Dianae
435 1585 576 1633 templo
607 1584 814 1622 secundum
850 1584 1020 1622 ordinem
1051 1585 1260 1632 legitimum
1290 1584 1431 1632 ordiar,
1460 1587 1622 1632 primum

122 1651 211 1685 sunt
238 1649 478 1696 perscriptae
498 1648 651 1697 phialae
674 1653 745 1686 549
766 1660 836 1696 per
857 1651 1039 1696 quattuor
1068 1649 1221 1686 ordines
1251 1648 1462 1696 dispositae
1493 1659 1623 1686 vascu-

124 1711 241 1758 laque
270 1712 389 1758 varia,
420 1723 517 1760 quae
549 1712 721 1759 quintum
751 1711 935 1749 tenebant
963 1711 1152 1753 ordinem,
1184 1711 1321 1759 quibus
1350 1712 1503 1748 maximi
1533 1723 1624 1758 pon-

127 1773 230 1811 deris
250 1778 377 1812 crater
396 1774 552 1812 additur
580 1797 629 1801 —
658 1774 753 1813 haec
780 1775 906 1812 omnia
926 1773 1095 1812 efficiunt
1115 1774 1245 1812 decem
1266 1775 1413 1812 talenta
1434 1779 1531 1811 5286
1554 1774 1623 1820 dl'.‚

127 1847 226 1884 quae
256 1836 435 1875 habenda
455 1849 539 1875 esse
560 1850 630 1886 pro
652 1838 875 1885 aegineticis
896 1837 1013 1875 verba
1033 1849 1131 1885 quae
1153 1841 1384 1885 sequuntur:
1417 1837 1508 1873 τάδε
1530 1836 1625 1886 πρὸς

128 1897 307 1949 ἀργύριον
336 1897 558 1950 ἐστάθηῑθθ)
596 1900 810 1947 declarant,
847 1900 946 1938 uude
976 1905 1140 1948 apparet
1168 1902 1306 1947 omnia,
1345 1912 1443 1948 quae
1472 1904 1623 1938 antece-

125 1961 241 2008 dunt,
275 1973 349 2000 non
379 1963 427 2000 ad
455 1967 654 2011 argentum
683 1975 804 2011 pensa
833 1975 938 2008 esse;
973 1965 1149 2011 quoniam
1187 1975 1277 2001 vero
1318 1969 1388 2002 100
1419 1964 1623 2001 drachmae

124 2025 360 2072 aegineticae
395 2036 510 2073 pares
548 2031 635 2064 sunt
671 2027 790 2068 138⁷ss
819 2028 965 2072 atticis,
1005 2039 1186 2064 summam
1223 2027 1406 2064 habemus
1445 2028 1548 2065 circa
1579 2033 1622 2065 15

122 2089 327 2126 atticorum
366 2089 549 2127 talentum
588 2096 659 2129 666
696 2090 974 2129 drachmarum.
1032 2091 1074 2128 In
1110 2092 1173 2136 iis,
1211 2102 1309 2138 quae
1346 2090 1528 2138 deinceps
1567 2102 1624 2128 39-

121 2206 252 2242 scimus
278 2206 478 2251 antiquitus
504 2208 653 2254 cultam,
679 2219 806 2244 nomen
833 2215 973 2244 exstare
1000 2209 1255 2254 perscriptum,
1288 2209 1349 2244 sed
1376 2220 1394 2244 9
1420 2209 1536 2245 verbis
1561 2210 1624 2244 mi-

122 2274 199 2299 sere
225 2265 399 2300 mutilatis
423 2276 467 2300 ne
493 2265 528 2300 id
555 2266 700 2310 quidem
726 2267 934 2311 intellegere
961 2267 1055 2311 licet,
1083 2267 1237 2302 fueritne
1264 2268 1340 2302 eius
1366 2268 1537 2312 templum
1563 2278 1624 2313 ap-

124 2322 306 2368 pellatum,
333 2323 427 2367 quod
450 2323 539 2358 mihi
565 2335 633 2359 non
660 2325 848 2359 admodum
876 2325 1067 2360 verisimile
1094 2325 1249 2369 videtur3
1280 2336 1361 2359 nam
1387 2336 1563 2369 nusquam
1589 2326 1625 2359 in

122 2380 203 2415 aliis
229 2380 438 2415 inventariis
463 2380 502 2415 fit
528 2381 604 2416 eius
631 2381 762 2416 mentio
788 2392 831 2415 119
857 2381 1003 2415 minima
1029 2381 1190 2425 quidem,
1226 2381 1279 2415 vel
1314 2381 1461 2416 fortuito
1489 2389 1625 2416 tantum

121 2443 432 2482 commemoratur,
465 2448 544 2472 cum
577 2438 721 2473 vascula
753 2438 929 2482 quaedam
958 2439 1000 2472 ἐΞ
1021 2438 1242 2482 Ἆφριιὸισίου
1275 2438 1442 2473 dicuntur
1468 2439 1502 2473 in
1529 2450 1624 2482 mag-

121 2505 205 2529 num
230 2494 401 2539 templum
418 2495 603 2539 translata,
630 2495 730 2530 cuius
757 2496 896 2539 generis
918 2506 935 2530 9
955 2495 1093 2540 Scylaci
1121 2495 1302 2529 archontis
1325 2495 1453 2531 deliaci
1480 2497 1626 2530 rationi-

121 2551 186 2586 bus
213 2552 413 2597 exemplum
439 2553 560 2587 attulit
585 2553 803 2588 Homollius:
829 2553 921 2588 Bull.
947 2553 979 2588 d.
1006 2556 1103 2589 Corr.
1131 2554 1222 2588 Hell.
1250 2554 1309 2597 vl,
1337 2565 1368 2598 p.
1386 2557 1441 2592 87,
1468 2562 1538 2588 not.
1564 2559 1588 2589 l.

216 2610 275 2651 ιο7)
299 2610 495 2654 Postquam
521 2610 610 2645 haec
635 2611 704 2645 iam
732 2611 946 2656 perscripsi,
980 2612 1128 2646 eandem
1162 2612 1375 2646 sententiam
1402 2613 1518 2646 inveni
1548 2623 1625 2656 pro-

121 2666 258 2712 tulisse,
282 2667 390 2702 nullis
416 2673 573 2702 ceterum
599 2669 819 2712 argumentis
844 2669 976 2713 allatis,
1002 2669 1072 2703 iam
1099 2669 1332 2704 IIomollium:
1363 2669 1557 2703 »Archives
1583 2669 1625 2703 119

122 2723 363 2759 l'Intendance
389 2725 511 2759 sacree
537 2725 558 2758 a
584 2725 712 2759 Delos«
744 2737 774 2769 p.
794 2729 848 2769 26,
875 2730 945 2760 not.
965 2730 994 2761 6.
1094 2727 1154 2765 ¹⁰⁸)
1180 2726 1371 2760 Timocrat.
1399 2732 1464 2759 rat.
1492 2726 1550 2759 liu.
1572 2729 1625 2760 20.

1304 2782 1347 2818 6*
