1957 3293
876 284 1187 327 —168-

280 411 351 450 hoc
380 422 499 457 anno,
529 409 598 449 sed
626 413 831 458 perceptas
860 420 884 448 a
912 409 1124 457 superioris
1152 409 1242 447 anni
1269 408 1571 457 magistratibus,
1597 411 1642 448 ut
1668 408 1783 448 etiam

284 473 510 513 referendae
540 475 617 511 sint
644 473 692 511 ad
721 484 871 519 eorum,
908 472 1047 520 quibus
1075 472 1258 510 collectae
1287 476 1394 519 sunt,
1422 483 1609 511 annorum
1637 470 1783 510 reditus

282 559 330 564 —
363 541 430 574 aut
449 537 635 584 pecuniae
655 536 821 573 Demare
842 535 1026 573 archonte
1053 538 1210 572 exactae
1240 533 1405 582 quidem,
1433 535 1472 572 in
1499 545 1628 572 arcam
1655 536 1784 572 autem

282 610 358 636 non
382 599 528 636 relatae
557 597 745 635 fructibus
766 597 961 645 sequentis
991 597 1080 634 anni
1109 596 1433 644 adnumerandae‚
1462 608 1537 645 quo
1565 599 1669 635 certe
1697 598 1786 634 sunt

283 662 324 698 in
353 662 544 698 aerarium
573 661 716 698 relatae
745 660 816 697 sub
844 660 973 697 titulo:
1004 658 1185 708 ἱεροποιοὶ
1213 658 1250 695 οἱ
1275 655 1334 696 ἐπὶ
1356 657 1558 708 Δημάρους
1589 655 1786 710 ἄρχοντος

282 725 470 767 (nomina)
493 722 536 759 τὸ
557 722 685 771 περιὸν
704 722 888 769 ἐνοικίων,
909 720 1132 772 ἐνηροσίων,
1155 721 1287 769 τελῶν,
1307 721 1481 770 δανείων,
1502 721 1643 759 τόκων.
1688 719 1786 760 Con·

284 787 385 824 sulto
407 786 521 823 etiam
548 787 648 823 inter
675 785 821 823 reditus
849 786 1075 823 mentionem
1103 795 1179 822 non
1208 783 1280 823 feci
1309 786 1408 823 3733
1429 784 1486 823 dr.
1517 789 1538 823 2
1558 784 1658 824 obol·
1685 785 1786 823 aeris

283 860 306 886 a
336 847 607 896 quaestoribus
636 847 943 894 traditarum‚⁶⁰)
979 858 1062 884 cum
1093 847 1184 895 quid
1212 847 1260 884 de
1289 848 1343 885 eis
1371 846 1548 894 facerem,
1579 848 1785 886 nescirem:

284 916 395 949 extra
422 910 594 948 ordinem
615 909 894 958 quodammodo
915 922 980 948 eas
1007 921 1091 947 esse
1117 920 1257 957 pensas
1277 910 1336 948 vel
1363 909 1451 948 inde
1477 914 1652 958 apparet,
1683 908 1786 958 quod

226 1005 231 1009 .
285 979 323 1013 et
350 975 388 1012 in
417 975 592 1022 pecuniis
623 973 843 1011 succedenti
876 974 1038 1021 collegio
1068 972 1266 1011 tradendis
1302 974 1510 1020 separatim
1537 976 1790 1011 recensentur

286 1049 410 1084 neque
433 1038 649 1083 negotiator
668 1037 900 1084 appellatur,
921 1049 941 1074 e
967 1038 1075 1074 cuius
1103 1048 1236 1074 mensa
1263 1037 1340 1074 sint
1367 1036 1526 1079 solutae,
1555 1039 1594 1073 et
1620 1046 1668 1073 ne
1694 1033 1790 1072 illud

286 1100 440 1148 quidem
461 1100 516 1137 eis
543 1099 711 1146 additur,
738 1104 781 1137 ut
807 1100 846 1136 in
874 1099 1034 1148 reliquis
1062 1098 1145 1137 fieri
1173 1099 1334 1146 solebat,
1362 1110 1438 1147 quo
1465 1099 1617 1137 nomine
1646 1097 1724 1135 sint
1750 1097 1790 1135 in

286 1174 414 1201 arcam
443 1162 600 1200 relatae.

389 1225 538 1270 Pauca,
567 1223 711 1270 fateor,
741 1228 847 1268 sunt,
888 1235 985 1271 quae
1022 1222 1113 1260 mihi
1148 1224 1315 1262 certiora
1346 1223 1456 1262 licuit
1481 1223 1714 1271 investigare
1742 1222 1790 1261 de

287 1287 478 1326 reditibus
515 1287 647 1335 templi
684 1287 823 1325 deliaci
852 1287 1007 1324 annuis:
1042 1297 1167 1334 neque
1196 1286 1346 1333 mirum,
1374 1296 1458 1324 cum
1488 1283 1713 1334 perdifficile
1741 1284 1792 1322 sit

286 1351 398 1389 unius
437 1351 526 1388 anni
562 1349 778 1387 rationibus
815 1349 1022 1397 parvisque
1059 1349 1220 1387 aliarum
1257 1347 1481 1396 fragmentis
1517 1359 1630 1386 usum
1665 1350 1791 1386 extra-

288 1413 485 1452 ordinaria
514 1416 552 1451 et
579 1412 739 1450 fortuita
767 1423 969 1460 segregare
999 1412 1048 1450 ab
1078 1412 1282 1450 ordinariis
1312 1423 1357 1451 ac
1385 1410 1647 1450 sollemnibus.

391 1475 517 1514 Unum
552 1475 642 1513 addi
679 1475 793 1513 debet
829 1486 905 1513 non
940 1476 1049 1522 parvi
1083 1475 1281 1513 momenti:
1317 1475 1468 1513 collatis
1494 1473 1674 1512 Demaris
1701 1472 1791 1510 Am-

287 1538 503 1586 phiclisque
520 1549 707 1575 annorum
726 1537 942 1575 rationibus
965 1548 1048 1575 cum
1070 1537 1386 1585 amphictyonicis
1405 1536 1670 1575 desideramus
1691 1535 1793 1573 inter

286 1600 434 1638 reditus
455 1612 602 1638 annuos
624 1612 738 1638 unum
760 1604 887 1647 caput,
918 1600 1019 1648 quod
1041 1601 1128 1638 olim
1150 1601 1261 1648 longe
1281 1603 1411 1638 cetera
1431 1600 1559 1638 omnia
1587 1608 1793 1646 superasse

288 1662 451 1700 vidimus
471 1685 520 1689 —-
541 1673 679 1700 usuras
700 1661 785 1699 dico
807 1662 855 1699 ab
885 1663 1028 1700 exteris
1057 1662 1277 1700 civitatibus
1306 1672 1459 1709 pensas.
1505 1660 1652 1699 Harum
1680 1659 1793 1698 vesti·

288 1727 390 1772 gium
434 1726 534 1763 inter
575 1725 759 1772 pecunias
796 1725 960 1762 Demare
997 1726 1181 1764 archonte
1216 1728 1421 1773 perceptas
1455 1724 1599 1762 nullum
1633 1733 1794 1772 prorsus

289 1793 467 1835 apparet,
496 1791 610 1825 tenue
641 1787 833 1835 quoddam
861 1788 1055 1825 invenitur
1082 1788 1183 1825 inter
1211 1799 1289 1834 eas,
1318 1799 1415 1836 quas
1443 1788 1538 1826 inito
1566 1786 1794 1834 magistratu

290 1851 488 1898 hieropoei
510 1851 547 1887 in
568 1861 660 1888 arca
689 1861 800 1888 sacra
827 1850 990 1889 traditas
1010 1862 1033 1888 a
1051 1851 1315 1898 superioribus
1343 1850 1515 1898 collegiis
1542 1852 1792 1897 acceperunt:

288 1915 472 1961 pecunias
509 1913 679 1961 quidem,
719 1925 816 1960 quae
846 1914 884 1950 in
913 1915 1104 1951 aerarium
1133 1914 1263 1951 illatae
1292 1911 1528 1956 dicunturffl)
1558 1923 1578 1950 e
1606 1911 1713 1950 Teno
1740 1911 1794 1949 in·

289 1976 374 2014 sula
394 1980 458 2019 (42
471 1981 545 2013 000
565 1975 621 2012 dr.
649 1976 779 2023 paullo
808 1976 988 2023 amplius)
1020 1980 1058 2014 et
1077 1988 1096 2013 e
1117 1975 1248 2014 Minoe
1278 1980 1456 2024 (quarum
1485 1975 1591 2013 circa
1616 1979 1716 2013 4000
1736 1973 1794 2011 dr.

289 2038 489 2085 reliquae).
554 2037 628 2075 Sed
664 2038 732 2075 has
775 2039 886 2076 etiarn
922 2039 1040 2077 multo
1083 2042 1170 2077 ante
1206 2038 1412 2077 Demarem
1447 2037 1671 2076 archontem
1712 2046 1796 2074 cre-

290 2101 448 2138 diderim
487 2101 704 2149 depositas,
747 2112 831 2138 cum
869 2102 907 2138 in
946 2101 1162 2140 rationibus
1200 2113 1352 2150 quoque
1390 2112 1413 2139 a
1446 2100 1585 2138 ceteris
1619 2098 1795 2138 omnibus

294 2163 574 2211 quodammodo
601 2165 871 2211 seiungantur:
900 2165 1102 2202 universae
1123 2164 1234 2202 simul
1254 2163 1548 2212 perscribuntur
1566 2163 1690 2211 primo
1710 2162 1795 2201 loco

292 2230 347 2269 (et
375 2227 412 2263 in
435 2226 609 2263 Demaris
638 2231 676 2264 et
695 2228 732 2264 in
754 2228 966 2276 Amphiclis
995 2228 1238 2274 rationibus),
1268 2239 1393 2276 neque
1413 2237 1574 2275 usquam
1597 2225 1798 2275 appellan-

291 2293 355 2326 tur
384 2293 450 2326 aut
479 2290 751 2336 negotiatores,
783 2302 802 2327 e
833 2301 994 2338 quorum
1024 2290 1199 2328 manibus
1229 2294 1318 2328 sunt
1345 2293 1548 2338 acceptae,
1576 2291 1644 2328 aut
1670 2288 1797 2327 hiero-

291 2352 397 2399 poei,
435 2352 498 2398 qui
529 2363 593 2388 eas
629 2353 666 2389 in
704 2363 813 2390 sacro
848 2354 999 2391 aerario
1035 2354 1308 2401 deposuerunt.
1369 2353 1473 2391 Nihil
1509 2353 1626 2401 igitur
1662 2351 1793 2390 obstat

292 2425 376 2452 mea
412 2413 564 2461 quidem
608 2416 817 2462 sententia,
861 2427 907 2453 ne
941 2415 1142 2454 credamus
1184 2427 1230 2453 ex
1267 2419 1372 2454 certo
1415 2414 1579 2464 quodam
1623 2418 1795 2464 tempore

292 2477 417 2514 nullas
446 2477 520 2514 iam
549 2478 732 2524 pecunias
763 2479 904 2515 exteris
933 2478 1152 2516 civitatibus
1181 2483 1333 2517 mutuas
1362 2478 1472 2517 datas
1502 2482 1618 2527 atque
1647 2480 1793 2516 statua-

292 2550 374 2576 mus
404 2537 544 2576 factum
575 2539 647 2576 hoc
676 2551 779 2586 essm
815 2551 898 2577 cum
929 2541 987 2578 vel
1016 2542 1180 2580 societas
1209 2541 1472 2580 insulanorum
1500 2539 1654 2589 dilapsa
1681 2542 1795 2588 esset,

383 2675 427 2719 ⁶0)
454 2675 596 2709 Demar.
623 2674 720 2709 arch.
746 2680 812 2709 rat.
839 2675 899 2710 lin.
924 2678 1059 2711 54—55
1085 2681 1121 2710 et
1144 2677 1291 2712 74—75.
1441 2675 1487 2721 οι)
1512 2674 1602 2711 Ibid.
1626 2675 1688 2711 lin.
1704 2677 1796 2711 3-8

295 2746 334 2762 =
362 2730 540 2777 Amphicl.
567 2730 662 2766 arch.
690 2736 755 2766 rat.
782 2731 831 2766 lin
848 2734 948 2768 3—7.
1230 2746 1241 2755 -
