<?xml version="1.0" encoding="UTF-8"?>
<!DOCTYPE html PUBLIC "-//W3C//DTD XHTML 1.0 Transitional//EN"
    "http://www.w3.org/TR/xhtml1/DTD/xhtml1-transitional.dtd">
<html xmlns="http://www.w3.org/1999/xhtml" xml:lang="en" lang="en">
 <head>
  <title>
</title>
<meta http-equiv="Content-Type" content="text/html;charset=utf-8" />
  <meta name='ocr-system' content='tesseract 3.04.00' />
  <meta name='ocr-capabilities' content='ocr_page ocr_carea ocr_par ocr_line ocrx_word'/>
</head>
<body>
  <div class='ocr_page' id='page_1' title='image "./dedeliinsulaereb00scho_0217.png"; bbox 0 0 1979 3326; ppageno 0'>
   <div class='ocr_carea' id='block_1_1' title="bbox 744 301 1055 342">
    <p class='ocr_par' dir='ltr' id='par_1_1' title="bbox 744 301 1055 342">
     <span class='ocr_line' id='line_1_1' title="bbox 744 301 1055 342; baseline -0.003 0"><span class='ocrx_word' id='word_1_1' title='bbox 744 301 1055 342; x_wconf 85' lang='lat'>—205—</span> 
     </span>
    </p>
   </div>
   <div class='ocr_carea' id='block_1_2' title="bbox 143 422 1652 1980">
    <p class='ocr_par' dir='ltr' id='par_1_2' title="bbox 143 422 1652 1980">
     <span class='ocr_line' id='line_1_2' title="bbox 148 422 1651 476; baseline -0.002 -14"><span class='ocrx_word' id='word_1_2' title='bbox 148 431 272 464; x_wconf 78' lang='lat' dir='ltr'><strong>terum</strong></span> <span class='ocrx_word' id='word_1_3' title='bbox 300 425 392 462; x_wconf 90' lang='lat' dir='ltr'><strong>licet</strong></span> <span class='ocrx_word' id='word_1_4' title='bbox 418 424 575 462; x_wconf 90' lang='lat' dir='ltr'><strong>credere</strong></span> <span class='ocrx_word' id='word_1_5' title='bbox 595 425 842 472; x_wconf 82' lang='lat' dir='ltr'><strong>magistratus</strong></span> <span class='ocrx_word' id='word_1_6' title='bbox 871 425 941 462; x_wconf 93' lang='lat' dir='ltr'><strong>hos</strong></span> <span class='ocrx_word' id='word_1_7' title='bbox 970 422 1028 461; x_wconf 78' lang='grc' dir='ltr'><strong>ἐπὶ</strong></span> <span class='ocrx_word' id='word_1_8' title='bbox 1050 423 1223 474; x_wconf 75' lang='grc' dir='ltr'><em>φυλακὴν</em></span> <span class='ocrx_word' id='word_1_9' title='bbox 1243 424 1318 460; x_wconf 85' lang='grc' dir='ltr'><strong>τῶν</strong></span> <span class='ocrx_word' id='word_1_10' title='bbox 1335 423 1550 476; x_wconf 70' lang='grc' dir='ltr'><em>χρημάτων</em></span> <span class='ocrx_word' id='word_1_11' title='bbox 1580 428 1651 462; x_wconf 87' lang='lat' dir='ltr'><strong>etc.</strong></span> 
     </span>
     <span class='ocr_line' id='line_1_3' title="bbox 149 486 1651 535; baseline 0 -11"><span class='ocrx_word' id='word_1_12' title='bbox 149 486 470 534; x_wconf 76' lang='grc' dir='ltr'><em>καθεσταμένους</em></span> <span class='ocrx_word' id='word_1_13' title='bbox 504 487 646 525; x_wconf 87' lang='lat' dir='ltr'><strong>eisdem</strong></span> <span class='ocrx_word' id='word_1_14' title='bbox 682 486 763 525; x_wconf 89' lang='lat' dir='ltr'><strong>fere</strong></span> <span class='ocrx_word' id='word_1_15' title='bbox 801 486 936 526; x_wconf 87' lang='lat' dir='ltr'><strong>officiis</strong></span> <span class='ocrx_word' id='word_1_16' title='bbox 973 498 1056 524; x_wconf 91' lang='lat' dir='ltr'><strong>esse</strong></span> <span class='ocrx_word' id='word_1_17' title='bbox 1091 486 1242 525; x_wconf 87' lang='lat' dir='ltr'><strong>functos</strong></span> <span class='ocrx_word' id='word_1_18' title='bbox 1278 492 1393 535; x_wconf 89' lang='lat' dir='ltr'><strong>atque</strong></span> <span class='ocrx_word' id='word_1_19' title='bbox 1421 487 1651 534; x_wconf 90' lang='lat' dir='ltr'><strong>hieropoeos</strong></span> 
     </span>
     <span class='ocr_line' id='line_1_4' title="bbox 149 549 1651 597; baseline -0.001 -9"><span class='ocrx_word' id='word_1_20' title='bbox 149 549 340 597; x_wconf 77' lang='lat' dir='ltr'>deliacos,</span> <span class='ocrx_word' id='word_1_21' title='bbox 376 561 460 588; x_wconf 88' lang='lat' dir='ltr'><strong>cum</strong></span> <span class='ocrx_word' id='word_1_22' title='bbox 496 549 692 588; x_wconf 89' lang='lat' dir='ltr'><strong>videamus</strong></span> <span class='ocrx_word' id='word_1_23' title='bbox 730 549 778 587; x_wconf 93' lang='lat' dir='ltr'><strong>ab</strong></span> <span class='ocrx_word' id='word_1_24' title='bbox 815 550 861 587; x_wconf 91' lang='lat' dir='ltr'><strong>iis</strong></span> <span class='ocrx_word' id='word_1_25' title='bbox 898 561 982 587; x_wconf 90' lang='lat' dir='ltr'><strong>esse</strong></span> <span class='ocrx_word' id='word_1_26' title='bbox 1017 549 1080 587; x_wconf 90' lang='lat' dir='ltr'><strong>dei</strong></span> <span class='ocrx_word' id='word_1_27' title='bbox 1113 551 1298 597; x_wconf 83' lang='lat' dir='ltr'>pecunias</span> <span class='ocrx_word' id='word_1_28' title='bbox 1336 549 1468 587; x_wconf 90' lang='lat' dir='ltr'><strong>eadem</strong></span> <span class='ocrx_word' id='word_1_29' title='bbox 1502 550 1651 587; x_wconf 87' lang='lat' dir='ltr'><strong>ratione</strong></span> 
     </span>
     <span class='ocr_line' id='line_1_5' title="bbox 147 611 1652 660; baseline -0.003 -9"><span class='ocrx_word' id='word_1_30' title='bbox 147 611 298 651; x_wconf 88' lang='lat' dir='ltr'><strong>foenori</strong></span> <span class='ocrx_word' id='word_1_31' title='bbox 325 612 437 651; x_wconf 86' lang='lat' dir='ltr'><strong>datas</strong></span> <span class='ocrx_word' id='word_1_32' title='bbox 467 617 505 650; x_wconf 90' lang='lat' dir='ltr'><strong>et</strong></span> <span class='ocrx_word' id='word_1_33' title='bbox 530 612 693 660; x_wconf 85' lang='lat' dir='ltr'><strong>praedia</strong></span> <span class='ocrx_word' id='word_1_34' title='bbox 729 612 960 657; x_wconf 78' lang='lat' dir='ltr'><strong>elocata.¹¹⁸)</strong></span> <span class='ocrx_word' id='word_1_35' title='bbox 1015 611 1186 660; x_wconf 84' lang='lat' dir='ltr'><strong>Collegio</strong></span> <span class='ocrx_word' id='word_1_36' title='bbox 1221 612 1310 650; x_wconf 92' lang='lat' dir='ltr'><strong>huic</strong></span> <span class='ocrx_word' id='word_1_37' title='bbox 1338 612 1398 650; x_wconf 82' lang='lat' dir='ltr'><strong>vel</strong></span> <span class='ocrx_word' id='word_1_38' title='bbox 1432 612 1545 649; x_wconf 88' lang='lat' dir='ltr'><strong>alteri</strong></span> <span class='ocrx_word' id='word_1_39' title='bbox 1575 612 1652 647; x_wconf 80' lang='grc' dir='ltr'><strong>τῶν</strong></span> 
     </span>
     <span class='ocr_line' id='line_1_6' title="bbox 148 671 1651 726; baseline -0.001 -15"><span class='ocrx_word' id='word_1_40' title='bbox 148 671 208 712; x_wconf 78' lang='grc' dir='ltr'><strong>ἐπὶ</strong></span> <span class='ocrx_word' id='word_1_41' title='bbox 243 673 292 711; x_wconf 87' lang='grc' dir='ltr'><strong>τὰ</strong></span> <span class='ocrx_word' id='word_1_42' title='bbox 330 674 418 726; x_wconf 81' lang='grc' dir='ltr'><em>ἱερά</em></span> <span class='ocrx_word' id='word_1_43' title='bbox 449 697 499 702; x_wconf 90' lang='lat'><em>-</em></span> <span class='ocrx_word' id='word_1_44' title='bbox 533 685 609 712; x_wconf 93' lang='lat' dir='ltr'><strong>non</strong></span> <span class='ocrx_word' id='word_1_45' title='bbox 644 675 744 711; x_wconf 90' lang='lat' dir='ltr'><strong>enim</strong></span> <span class='ocrx_word' id='word_1_46' title='bbox 778 686 841 711; x_wconf 90' lang='lat' dir='ltr'><strong>res</strong></span> <span class='ocrx_word' id='word_1_47' title='bbox 877 675 1083 721; x_wconf 90' lang='lat' dir='ltr'><strong>perspicua</strong></span> <span class='ocrx_word' id='word_1_48' title='bbox 1117 679 1176 712; x_wconf 90' lang='lat' dir='ltr'><strong>est</strong></span> <span class='ocrx_word' id='word_1_49' title='bbox 1210 696 1259 700; x_wconf 91' lang='lat'>—</span> <span class='ocrx_word' id='word_1_50' title='bbox 1294 673 1497 711; x_wconf 91' lang='lat' dir='ltr'><strong>adiunctus</strong></span> <span class='ocrx_word' id='word_1_51' title='bbox 1532 673 1651 711; x_wconf 86' lang='lat' dir='ltr'><strong>fuisse</strong></span> 
     </span>
     <span class='ocr_line' id='line_1_7' title="bbox 148 736 1652 786; baseline 0 -11"><span class='ocrx_word' id='word_1_52' title='bbox 148 738 302 776; x_wconf 89' lang='lat' dir='ltr'><strong>videtur</strong></span> <span class='ocrx_word' id='word_1_53' title='bbox 329 749 463 776; x_wconf 86' lang='lat' dir='ltr'><strong>servus</strong></span> <span class='ocrx_word' id='word_1_54' title='bbox 482 737 660 786; x_wconf 90' lang='lat' dir='ltr'><strong>publicus</strong></span> <span class='ocrx_word' id='word_1_55' title='bbox 682 736 913 786; x_wconf 69' lang='grc' dir='ltr'>(δημόσιος),</span> <span class='ocrx_word' id='word_1_56' title='bbox 943 739 1008 785; x_wconf 89' lang='lat' dir='ltr'><strong>qui</strong></span> <span class='ocrx_word' id='word_1_57' title='bbox 1037 739 1076 775; x_wconf 93' lang='lat' dir='ltr'><strong>in</strong></span> <span class='ocrx_word' id='word_1_58' title='bbox 1103 738 1216 776; x_wconf 91' lang='lat' dir='ltr'><strong>titulo</strong></span> <span class='ocrx_word' id='word_1_59' title='bbox 1244 737 1411 776; x_wconf 88' lang='lat' dir='ltr'><strong>nondum</strong></span> <span class='ocrx_word' id='word_1_60' title='bbox 1438 737 1540 776; x_wconf 90' lang='lat' dir='ltr'><strong>edito</strong></span> <span class='ocrx_word' id='word_1_61' title='bbox 1574 743 1652 776; x_wconf 88' lang='lat' dir='ltr'><strong>tra-</strong></span> 
     </span>
     <span class='ocr_line' id='line_1_8' title="bbox 145 800 1652 848; baseline 0 -10"><span class='ocrx_word' id='word_1_62' title='bbox 145 800 330 838; x_wconf 84' lang='lat' dir='ltr'><strong>ditionem</strong></span> <span class='ocrx_word' id='word_1_63' title='bbox 364 812 492 838; x_wconf 89' lang='lat' dir='ltr'><strong>rerum</strong></span> <span class='ocrx_word' id='word_1_64' title='bbox 521 810 720 838; x_wconf 86' lang='lat' dir='ltr'><strong>sacrarum</strong></span> <span class='ocrx_word' id='word_1_65' title='bbox 757 801 978 838; x_wconf 83' lang='lat' dir='ltr'><strong>continente</strong></span> <span class='ocrx_word' id='word_1_66' title='bbox 1007 804 1136 848; x_wconf 81' lang='lat' dir='ltr'><strong>(quem</strong></span> <span class='ocrx_word' id='word_1_67' title='bbox 1172 812 1291 848; x_wconf 90' lang='lat' dir='ltr'><strong>supra</strong></span> <span class='ocrx_word' id='word_1_68' title='bbox 1318 802 1393 838; x_wconf 91' lang='lat' dir='ltr'><strong>iam</strong></span> <span class='ocrx_word' id='word_1_69' title='bbox 1427 812 1652 839; x_wconf 88' lang='lat' dir='ltr'><strong>commemo-</strong></span> 
     </span>
     <span class='ocr_line' id='line_1_9' title="bbox 145 863 1649 911; baseline -0.001 -10"><span class='ocrx_word' id='word_1_70' title='bbox 145 864 245 908; x_wconf 89' lang='lat' dir='ltr'><strong>ravi)</strong></span> <span class='ocrx_word' id='word_1_71' title='bbox 273 863 342 901; x_wconf 82' lang='lat' dir='ltr'><strong>tali</strong></span> <span class='ocrx_word' id='word_1_72' title='bbox 362 863 475 901; x_wconf 90' lang='lat' dir='ltr'><strong>modo</strong></span> <span class='ocrx_word' id='word_1_73' title='bbox 504 863 735 911; x_wconf 89' lang='lat' dir='ltr'><strong>appellatur,</strong></span> <span class='ocrx_word' id='word_1_74' title='bbox 764 867 807 900; x_wconf 92' lang='lat' dir='ltr'><strong>ut</strong></span> <span class='ocrx_word' id='word_1_75' title='bbox 827 875 912 901; x_wconf 90' lang='lat' dir='ltr'><strong>eum</strong></span> <span class='ocrx_word' id='word_1_76' title='bbox 940 868 1074 911; x_wconf 89' lang='lat' dir='ltr'><strong>pateat</strong></span> <span class='ocrx_word' id='word_1_77' title='bbox 1093 863 1382 911; x_wconf 87' lang='lat' dir='ltr'><strong>magistratibus</strong></span> <span class='ocrx_word' id='word_1_78' title='bbox 1403 864 1442 900; x_wconf 95' lang='lat' dir='ltr'><strong>in</strong></span> <span class='ocrx_word' id='word_1_79' title='bbox 1461 863 1649 901; x_wconf 89' lang='lat' dir='ltr'><strong>tradendo</strong></span> 
     </span>
     <span class='ocr_line' id='line_1_10' title="bbox 146 925 1650 975; baseline -0.001 -11"><span class='ocrx_word' id='word_1_80' title='bbox 146 927 300 965; x_wconf 85' lang='lat' dir='ltr'><strong>aerario</strong></span> <span class='ocrx_word' id='word_1_81' title='bbox 335 925 455 965; x_wconf 83' lang='lat' dir='ltr'><strong>fuisse</strong></span> <span class='ocrx_word' id='word_1_82' title='bbox 489 930 646 975; x_wconf 88' lang='lat' dir='ltr'><strong>praesto</strong></span> <span class='ocrx_word' id='word_1_83' title='bbox 680 948 730 953; x_wconf 82' lang='lat'><em>-</em></span> <span class='ocrx_word' id='word_1_84' title='bbox 758 937 862 964; x_wconf 88' lang='lat' dir='ltr'><strong>more</strong></span> <span class='ocrx_word' id='word_1_85' title='bbox 899 927 1051 974; x_wconf 89' lang='lat' dir='ltr'><strong>quidem</strong></span> <span class='ocrx_word' id='word_1_86' title='bbox 1087 929 1223 973; x_wconf 89' lang='lat' dir='ltr'><strong>attico;</strong></span> <span class='ocrx_word' id='word_1_87' title='bbox 1259 926 1515 963; x_wconf 83' lang='lat' dir='ltr'><strong>Athenienses</strong></span> <span class='ocrx_word' id='word_1_88' title='bbox 1552 927 1650 963; x_wconf 89' lang='lat' dir='ltr'><strong>enim</strong></span> 
     </span>
     <span class='ocr_line' id='line_1_11' title="bbox 146 987 1651 1036; baseline -0.001 -10"><span class='ocrx_word' id='word_1_89' title='bbox 146 989 339 1036; x_wconf 89' lang='lat' dir='ltr'><strong>cognitum</strong></span> <span class='ocrx_word' id='word_1_90' title='bbox 366 989 551 1027; x_wconf 86' lang='lat' dir='ltr'><strong>habemus</strong></span> <span class='ocrx_word' id='word_1_91' title='bbox 579 990 802 1036; x_wconf 83' lang='lat' dir='ltr'><strong>saepissime</strong></span> <span class='ocrx_word' id='word_1_92' title='bbox 833 1001 917 1027; x_wconf 88' lang='lat' dir='ltr'><strong>esse</strong></span> <span class='ocrx_word' id='word_1_93' title='bbox 948 1001 1038 1028; x_wconf 87' lang='lat' dir='ltr'><strong>usos</strong></span> <span class='ocrx_word' id='word_1_94' title='bbox 1069 1001 1267 1028; x_wconf 90' lang='lat' dir='ltr'><strong>servorum</strong></span> <span class='ocrx_word' id='word_1_95' title='bbox 1294 989 1537 1036; x_wconf 90' lang='lat' dir='ltr'><strong>publicorum</strong></span> <span class='ocrx_word' id='word_1_96' title='bbox 1570 987 1651 1026; x_wconf 84' lang='lat' dir='ltr'><strong>offi-</strong></span> 
     </span>
     <span class='ocr_line' id='line_1_12' title="bbox 147 1051 1651 1101; baseline -0.001 -12"><span class='ocrx_word' id='word_1_97' title='bbox 147 1052 216 1089; x_wconf 91' lang='lat' dir='ltr'><strong>ciis</strong></span> <span class='ocrx_word' id='word_1_98' title='bbox 249 1052 289 1089; x_wconf 93' lang='lat' dir='ltr'><strong>in</strong></span> <span class='ocrx_word' id='word_1_99' title='bbox 322 1052 495 1100; x_wconf 88' lang='lat' dir='ltr'><strong>pecuniis</strong></span> <span class='ocrx_word' id='word_1_100' title='bbox 530 1053 692 1090; x_wconf 84' lang='lat' dir='ltr'><strong>maxime</strong></span> <span class='ocrx_word' id='word_1_101' title='bbox 726 1053 1041 1091; x_wconf 84' lang='lat' dir='ltr'><strong>administrandis</strong></span> <span class='ocrx_word' id='word_1_102' title='bbox 1075 1054 1347 1101; x_wconf 85' lang='lat' dir='ltr'><strong>apparitorum</strong></span> <span class='ocrx_word' id='word_1_103' title='bbox 1382 1053 1439 1090; x_wconf 79' lang='lat' dir='ltr'><strong>vel</strong></span> <span class='ocrx_word' id='word_1_104' title='bbox 1474 1051 1651 1100; x_wconf 76' lang='grc' dir='ltr'><em>ἀντιγρα·</em></span> 
     </span>
     <span class='ocr_line' id='line_1_13' title="bbox 145 1112 1650 1163; baseline 0.001 -13"><span class='ocrx_word' id='word_1_105' title='bbox 145 1112 253 1163; x_wconf 87' lang='grc' dir='ltr'><em>φέων</em></span> <span class='ocrx_word' id='word_1_106' title='bbox 269 1115 365 1162; x_wconf 88' lang='lat' dir='ltr'><strong>loco,</strong></span> <span class='ocrx_word' id='word_1_107' title='bbox 386 1116 478 1163; x_wconf 90' lang='lat' dir='ltr'><strong>quia</strong></span> <span class='ocrx_word' id='word_1_108' title='bbox 493 1113 713 1163; x_wconf 73' lang='grc' dir='ltr'><em>βασανίζειν</em></span> <span class='ocrx_word' id='word_1_109' title='bbox 737 1126 803 1153; x_wconf 89' lang='lat' dir='ltr'><strong>eos</strong></span> <span class='ocrx_word' id='word_1_110' title='bbox 822 1115 976 1162; x_wconf 85' lang='lat' dir='ltr'><strong>licebat,</strong></span> <span class='ocrx_word' id='word_1_111' title='bbox 998 1115 1100 1162; x_wconf 90' lang='lat' dir='ltr'><strong>quod</strong></span> <span class='ocrx_word' id='word_1_112' title='bbox 1122 1117 1161 1152; x_wconf 91' lang='lat' dir='ltr'><strong>in</strong></span> <span class='ocrx_word' id='word_1_113' title='bbox 1181 1116 1283 1153; x_wconf 83' lang='lat' dir='ltr'><strong>cives</strong></span> <span class='ocrx_word' id='word_1_114' title='bbox 1304 1127 1382 1152; x_wconf 94' lang='lat' dir='ltr'><strong>non</strong></span> <span class='ocrx_word' id='word_1_115' title='bbox 1405 1114 1650 1157; x_wconf 74' lang='lat' dir='ltr'><strong>cadebat.¹¹⁹)</strong></span> 
     </span>
     <span class='ocr_line' id='line_1_14' title="bbox 145 1174 1649 1225; baseline 0.001 -11"><span class='ocrx_word' id='word_1_116' title='bbox 145 1174 236 1214; x_wconf 91' lang='lat' dir='ltr'><strong>Deli</strong></span> <span class='ocrx_word' id='word_1_117' title='bbox 263 1188 413 1214; x_wconf 85' lang='lat' dir='ltr'><strong>servum</strong></span> <span class='ocrx_word' id='word_1_118' title='bbox 442 1177 543 1215; x_wconf 91' lang='lat' dir='ltr'><strong>hunc</strong></span> <span class='ocrx_word' id='word_1_119' title='bbox 562 1177 757 1225; x_wconf 88' lang='lat' dir='ltr'><strong>publicum</strong></span> <span class='ocrx_word' id='word_1_120' title='bbox 786 1177 834 1215; x_wconf 90' lang='lat' dir='ltr'><strong>ad</strong></span> <span class='ocrx_word' id='word_1_121' title='bbox 855 1189 992 1215; x_wconf 94' lang='lat' dir='ltr'><strong>munus</strong></span> <span class='ocrx_word' id='word_1_122' title='bbox 1020 1189 1143 1223; x_wconf 89' lang='lat' dir='ltr'><strong>suum,</strong></span> <span class='ocrx_word' id='word_1_123' title='bbox 1173 1177 1428 1225; x_wconf 89' lang='lat' dir='ltr'><strong>quodcunque</strong></span> <span class='ocrx_word' id='word_1_124' title='bbox 1449 1176 1534 1224; x_wconf 87' lang='lat' dir='ltr'><strong>fuit,</strong></span> <span class='ocrx_word' id='word_1_125' title='bbox 1565 1190 1649 1216; x_wconf 86' lang='lat' dir='ltr'><strong>esse</strong></span> 
     </span>
     <span class='ocr_line' id='line_1_15' title="bbox 145 1238 1650 1290; baseline 0.003 -15"><span class='ocrx_word' id='word_1_126' title='bbox 145 1238 471 1290; x_wconf 76' lang='grc' dir='ltr'><em>κεχειροτημένον</em></span> <span class='ocrx_word' id='word_1_127' title='bbox 507 1240 638 1279; x_wconf 89' lang='lat' dir='ltr'><strong>eodem</strong></span> <span class='ocrx_word' id='word_1_128' title='bbox 677 1240 789 1278; x_wconf 89' lang='lat' dir='ltr'><strong>titulo</strong></span> <span class='ocrx_word' id='word_1_129' title='bbox 829 1240 1043 1278; x_wconf 84' lang='lat' dir='ltr'><strong>edocemur.</strong></span> <span class='ocrx_word' id='word_1_130' title='bbox 1099 1240 1286 1278; x_wconf 87' lang='lat' dir='ltr'><strong>Rationes</strong></span> <span class='ocrx_word' id='word_1_131' title='bbox 1323 1251 1345 1277; x_wconf 89' lang='lat' dir='ltr'><strong>a</strong></span> <span class='ocrx_word' id='word_1_132' title='bbox 1373 1242 1481 1278; x_wconf 79' lang='lat' dir='ltr'><strong>novis</strong></span> <span class='ocrx_word' id='word_1_133' title='bbox 1516 1242 1650 1289; x_wconf 90' lang='lat' dir='ltr'><strong>templi</strong></span> 
     </span>
     <span class='ocr_line' id='line_1_16' title="bbox 146 1301 1650 1351; baseline 0.001 -12"><span class='ocrx_word' id='word_1_134' title='bbox 146 1301 525 1342; x_wconf 83' lang='lat' dir='ltr'><strong>administratoribus</strong></span> <span class='ocrx_word' id='word_1_135' title='bbox 569 1305 755 1351; x_wconf 89' lang='lat' dir='ltr'><strong>scriptas,</strong></span> <span class='ocrx_word' id='word_1_136' title='bbox 798 1304 931 1351; x_wconf 87' lang='lat' dir='ltr'><strong>primis</strong></span> <span class='ocrx_word' id='word_1_137' title='bbox 973 1309 1062 1351; x_wconf 90' lang='lat' dir='ltr'><strong>post</strong></span> <span class='ocrx_word' id='word_1_138' title='bbox 1102 1304 1265 1341; x_wconf 90' lang='lat' dir='ltr'><strong>insulam</strong></span> <span class='ocrx_word' id='word_1_139' title='bbox 1302 1303 1499 1341; x_wconf 86' lang='lat' dir='ltr'><strong>subactam</strong></span> <span class='ocrx_word' id='word_1_140' title='bbox 1540 1305 1650 1341; x_wconf 85' lang='lat' dir='ltr'><strong>annis</strong></span> 
     </span>
     <span class='ocr_line' id='line_1_17' title="bbox 147 1364 1650 1414; baseline 0.001 -12"><span class='ocrx_word' id='word_1_141' title='bbox 147 1364 381 1414; x_wconf 88' lang='lat' dir='ltr'><strong>(Posidonii,</strong></span> <span class='ocrx_word' id='word_1_142' title='bbox 410 1368 601 1414; x_wconf 87' lang='lat' dir='ltr'><strong>Aristola,</strong></span> <span class='ocrx_word' id='word_1_143' title='bbox 637 1367 897 1414; x_wconf 85' lang='lat' dir='ltr'><strong>Anthesterii,</strong></span> <span class='ocrx_word' id='word_1_144' title='bbox 934 1367 1149 1405; x_wconf 85' lang='lat' dir='ltr'><strong>Callistrati</strong></span> <span class='ocrx_word' id='word_1_145' title='bbox 1185 1366 1427 1410; x_wconf 86' lang='lat' dir='ltr'><strong>archontum)</strong></span> <span class='ocrx_word' id='word_1_146' title='bbox 1465 1368 1650 1414; x_wconf 86' lang='lat' dir='ltr'><strong>exceptis,</strong></span> 
     </span>
     <span class='ocr_line' id='line_1_18' title="bbox 145 1429 1649 1479; baseline 0.001 -13"><span class='ocrx_word' id='word_1_147' title='bbox 145 1429 272 1467; x_wconf 89' lang='lat' dir='ltr'><strong>nullas</strong></span> <span class='ocrx_word' id='word_1_148' title='bbox 301 1434 454 1468; x_wconf 86' lang='lat' dir='ltr'><strong>exstare</strong></span> <span class='ocrx_word' id='word_1_149' title='bbox 490 1431 565 1469; x_wconf 88' lang='lat' dir='ltr'><strong>iam</strong></span> <span class='ocrx_word' id='word_1_150' title='bbox 594 1442 713 1479; x_wconf 89' lang='lat' dir='ltr'><strong>supra</strong></span> <span class='ocrx_word' id='word_1_151' title='bbox 741 1432 869 1469; x_wconf 90' lang='lat' dir='ltr'><strong>monui</strong></span> <span class='ocrx_word' id='word_1_152' title='bbox 897 1435 995 1468; x_wconf 91' lang='lat' dir='ltr'><strong>teste</strong></span> <span class='ocrx_word' id='word_1_153' title='bbox 1024 1430 1238 1476; x_wconf 87' lang='lat' dir='ltr'><strong>Homollio,</strong></span> <span class='ocrx_word' id='word_1_154' title='bbox 1273 1430 1488 1467; x_wconf 74' lang='lat' dir='ltr'><strong>inventaria</strong></span> <span class='ocrx_word' id='word_1_155' title='bbox 1523 1435 1649 1467; x_wconf 90' lang='lat' dir='ltr'><strong>autem</strong></span> 
     </span>
     <span class='ocr_line' id='line_1_19' title="bbox 146 1492 1650 1541; baseline -0.001 -12"><span class='ocrx_word' id='word_1_156' title='bbox 146 1492 242 1530; x_wconf 86' lang='lat' dir='ltr'><strong>satis</strong></span> <span class='ocrx_word' id='word_1_157' title='bbox 284 1492 422 1540; x_wconf 86' lang='lat' dir='ltr'><strong>multa,</strong></span> <span class='ocrx_word' id='word_1_158' title='bbox 465 1505 625 1541; x_wconf 92' lang='lat' dir='ltr'><strong>quorum</strong></span> <span class='ocrx_word' id='word_1_159' title='bbox 667 1497 795 1531; x_wconf 88' lang='lat' dir='ltr'><strong>tamen</strong></span> <span class='ocrx_word' id='word_1_160' title='bbox 837 1505 885 1530; x_wconf 90' lang='lat' dir='ltr'><strong>ne</strong></span> <span class='ocrx_word' id='word_1_161' title='bbox 922 1504 1038 1530; x_wconf 92' lang='lat' dir='ltr'><strong>unum</strong></span> <span class='ocrx_word' id='word_1_162' title='bbox 1076 1492 1228 1540; x_wconf 90' lang='lat' dir='ltr'><strong>quidem</strong></span> <span class='ocrx_word' id='word_1_163' title='bbox 1272 1495 1330 1529; x_wconf 84' lang='lat' dir='ltr'><strong>est</strong></span> <span class='ocrx_word' id='word_1_164' title='bbox 1371 1492 1514 1539; x_wconf 90' lang='lat' dir='ltr'><strong>publici</strong></span> <span class='ocrx_word' id='word_1_165' title='bbox 1555 1493 1650 1529; x_wconf 91' lang='lat' dir='ltr'><strong>iuris</strong></span> 
     </span>
     <span class='ocr_line' id='line_1_20' title="bbox 144 1552 1648 1603; baseline 0 -12"><span class='ocrx_word' id='word_1_166' title='bbox 144 1552 307 1601; x_wconf 84' lang='lat' dir='ltr'><strong>factum;</strong></span> <span class='ocrx_word' id='word_1_167' title='bbox 337 1566 457 1603; x_wconf 88' lang='lat' dir='ltr'><strong>quare</strong></span> <span class='ocrx_word' id='word_1_168' title='bbox 476 1555 524 1593; x_wconf 91' lang='lat' dir='ltr'><strong>de</strong></span> <span class='ocrx_word' id='word_1_169' title='bbox 545 1557 644 1594; x_wconf 88' lang='lat' dir='ltr'><strong>sacri</strong></span> <span class='ocrx_word' id='word_1_170' title='bbox 674 1557 816 1594; x_wconf 88' lang='lat' dir='ltr'><strong>aerarii</strong></span> <span class='ocrx_word' id='word_1_171' title='bbox 836 1556 1168 1594; x_wconf 87' lang='lat' dir='ltr'><strong>administratione</strong></span> <span class='ocrx_word' id='word_1_172' title='bbox 1190 1555 1228 1592; x_wconf 92' lang='lat' dir='ltr'><strong>id</strong></span> <span class='ocrx_word' id='word_1_173' title='bbox 1258 1555 1378 1592; x_wconf 88' lang='lat' dir='ltr'><strong>solum</strong></span> <span class='ocrx_word' id='word_1_174' title='bbox 1401 1554 1528 1592; x_wconf 84' lang='lat' dir='ltr'><strong>dicere</strong></span> <span class='ocrx_word' id='word_1_175' title='bbox 1549 1555 1648 1600; x_wconf 85' lang='lat' dir='ltr'><strong>licet,</strong></span> 
     </span>
     <span class='ocr_line' id='line_1_21' title="bbox 144 1616 1652 1667; baseline 0 -12"><span class='ocrx_word' id='word_1_176' title='bbox 144 1627 229 1655; x_wconf 89' lang='lat' dir='ltr'><strong>cum</strong></span> <span class='ocrx_word' id='word_1_177' title='bbox 261 1616 379 1656; x_wconf 88' lang='lat' dir='ltr'><strong>fuerit</strong></span> <span class='ocrx_word' id='word_1_178' title='bbox 411 1620 486 1656; x_wconf 89' lang='lat' dir='ltr'><strong>iam</strong></span> <span class='ocrx_word' id='word_1_179' title='bbox 515 1624 687 1667; x_wconf 92' lang='lat' dir='ltr'><strong>tempore</strong></span> <span class='ocrx_word' id='word_1_180' title='bbox 722 1620 868 1657; x_wconf 84' lang='lat' dir='ltr'><strong>liberae</strong></span> <span class='ocrx_word' id='word_1_181' title='bbox 897 1619 1134 1667; x_wconf 88' lang='lat' dir='ltr'><strong>reipublicae</strong></span> <span class='ocrx_word' id='word_1_182' title='bbox 1171 1618 1344 1655; x_wconf 86' lang='lat' dir='ltr'><strong>deliacae</strong></span> <span class='ocrx_word' id='word_1_183' title='bbox 1372 1618 1515 1654; x_wconf 90' lang='lat' dir='ltr'><strong>rationi</strong></span> <span class='ocrx_word' id='word_1_184' title='bbox 1545 1617 1652 1655; x_wconf 86' lang='lat' dir='ltr'><strong>athe-</strong></span> 
     </span>
     <span class='ocr_line' id='line_1_22' title="bbox 148 1679 1651 1729; baseline 0.001 -13"><span class='ocrx_word' id='word_1_185' title='bbox 148 1680 271 1717; x_wconf 87' lang='lat' dir='ltr'><strong>niensi</strong></span> <span class='ocrx_word' id='word_1_186' title='bbox 300 1680 512 1728; x_wconf 89' lang='lat' dir='ltr'><strong>simillima,</strong></span> <span class='ocrx_word' id='word_1_187' title='bbox 548 1693 595 1719; x_wconf 87' lang='lat' dir='ltr'><strong>ne</strong></span> <span class='ocrx_word' id='word_1_188' title='bbox 623 1686 710 1729; x_wconf 91' lang='lat' dir='ltr'><strong>post</strong></span> <span class='ocrx_word' id='word_1_189' title='bbox 739 1682 902 1719; x_wconf 89' lang='lat' dir='ltr'><strong>insulam</strong></span> <span class='ocrx_word' id='word_1_190' title='bbox 940 1681 1093 1729; x_wconf 86' lang='lat' dir='ltr'><strong>quidem</strong></span> <span class='ocrx_word' id='word_1_191' title='bbox 1124 1681 1362 1718; x_wconf 83' lang='lat' dir='ltr'><strong>Athenarum</strong></span> <span class='ocrx_word' id='word_1_192' title='bbox 1391 1679 1531 1717; x_wconf 88' lang='lat' dir='ltr'><strong>dicioni</strong></span> <span class='ocrx_word' id='word_1_193' title='bbox 1562 1680 1651 1718; x_wconf 86' lang='lat' dir='ltr'><strong>sub·</strong></span> 
     </span>
     <span class='ocr_line' id='line_1_23' title="bbox 147 1742 1651 1792; baseline -0.001 -12"><span class='ocrx_word' id='word_1_194' title='bbox 147 1746 271 1781; x_wconf 86' lang='lat' dir='ltr'><strong>actam</strong></span> <span class='ocrx_word' id='word_1_195' title='bbox 290 1754 523 1792; x_wconf 85' lang='lat' dir='ltr'><strong>magnopere</strong></span> <span class='ocrx_word' id='word_1_196' title='bbox 552 1756 635 1782; x_wconf 89' lang='lat' dir='ltr'><strong>eam</strong></span> <span class='ocrx_word' id='word_1_197' title='bbox 656 1746 882 1783; x_wconf 90' lang='lat' dir='ltr'><strong>commutari</strong></span> <span class='ocrx_word' id='word_1_198' title='bbox 913 1746 1097 1792; x_wconf 90' lang='lat' dir='ltr'><strong>potuisse.</strong></span> <span class='ocrx_word' id='word_1_199' title='bbox 1147 1743 1288 1787; x_wconf 90' lang='lat' dir='ltr'><strong>Solum,</strong></span> <span class='ocrx_word' id='word_1_200' title='bbox 1320 1742 1422 1789; x_wconf 90' lang='lat' dir='ltr'><strong>quod</strong></span> <span class='ocrx_word' id='word_1_201' title='bbox 1456 1744 1651 1790; x_wconf 87' lang='lat' dir='ltr'><strong>cognitum</strong></span> 
     </span>
     <span class='ocr_line' id='line_1_24' title="bbox 146 1805 1649 1855; baseline -0.001 -11"><span class='ocrx_word' id='word_1_202' title='bbox 146 1810 219 1853; x_wconf 88' lang='lat' dir='ltr'><strong>est,</strong></span> <span class='ocrx_word' id='word_1_203' title='bbox 248 1809 292 1843; x_wconf 88' lang='lat' dir='ltr'><strong>ut</strong></span> <span class='ocrx_word' id='word_1_204' title='bbox 318 1806 527 1854; x_wconf 86' lang='lat' dir='ltr'><strong>proferam,</strong></span> <span class='ocrx_word' id='word_1_205' title='bbox 555 1808 594 1844; x_wconf 89' lang='lat' dir='ltr'><strong>in</strong></span> <span class='ocrx_word' id='word_1_206' title='bbox 623 1806 683 1845; x_wconf 90' lang='lat' dir='ltr'><strong>dei</strong></span> <span class='ocrx_word' id='word_1_207' title='bbox 711 1807 882 1855; x_wconf 86' lang='lat' dir='ltr'><strong>praediis</strong></span> <span class='ocrx_word' id='word_1_208' title='bbox 911 1807 1126 1853; x_wconf 88' lang='lat' dir='ltr'><strong>elocandis,</strong></span> <span class='ocrx_word' id='word_1_209' title='bbox 1161 1806 1222 1843; x_wconf 79' lang='lat' dir='ltr'><strong>vel</strong></span> <span class='ocrx_word' id='word_1_210' title='bbox 1250 1806 1378 1853; x_wconf 91' lang='lat' dir='ltr'><strong>potius</strong></span> <span class='ocrx_word' id='word_1_211' title='bbox 1406 1806 1445 1841; x_wconf 95' lang='lat' dir='ltr'><strong>in</strong></span> <span class='ocrx_word' id='word_1_212' title='bbox 1475 1805 1649 1843; x_wconf 90' lang='lat' dir='ltr'><strong>domibus</strong></span> 
     </span>
     <span class='ocr_line' id='line_1_25' title="bbox 143 1867 1649 1917; baseline -0.001 -11"><span class='ocrx_word' id='word_1_213' title='bbox 143 1890 193 1895; x_wconf 95' lang='lat'>—</span> <span class='ocrx_word' id='word_1_214' title='bbox 221 1879 308 1906; x_wconf 90' lang='lat' dir='ltr'><strong>nam</strong></span> <span class='ocrx_word' id='word_1_215' title='bbox 337 1868 385 1907; x_wconf 90' lang='lat' dir='ltr'><strong>de</strong></span> <span class='ocrx_word' id='word_1_216' title='bbox 413 1868 541 1908; x_wconf 81' lang='lat' dir='ltr'><strong>fundis</strong></span> <span class='ocrx_word' id='word_1_217' title='bbox 575 1869 672 1907; x_wconf 91' lang='lat' dir='ltr'><strong>nihil</strong></span> <span class='ocrx_word' id='word_1_218' title='bbox 698 1870 868 1908; x_wconf 89' lang='lat' dir='ltr'><strong>innotuit</strong></span> <span class='ocrx_word' id='word_1_219' title='bbox 894 1892 943 1896; x_wconf 96' lang='lat'><strong>—</strong></span> <span class='ocrx_word' id='word_1_220' title='bbox 970 1875 1123 1917; x_wconf 87' lang='lat' dir='ltr'><strong>tempus</strong></span> <span class='ocrx_word' id='word_1_221' title='bbox 1158 1869 1359 1907; x_wconf 88' lang='lat' dir='ltr'><strong>locationis</strong></span> <span class='ocrx_word' id='word_1_222' title='bbox 1388 1879 1410 1905; x_wconf 91' lang='lat' dir='ltr'><strong>a</strong></span> <span class='ocrx_word' id='word_1_223' title='bbox 1439 1867 1571 1905; x_wconf 87' lang='lat' dir='ltr'><strong>decem</strong></span> <span class='ocrx_word' id='word_1_224' title='bbox 1600 1867 1649 1906; x_wconf 89' lang='lat' dir='ltr'><strong>ad</strong></span> 
     </span>
     <span class='ocr_line' id='line_1_26' title="bbox 144 1932 908 1980; baseline 0 -11"><span class='ocrx_word' id='word_1_225' title='bbox 144 1932 317 1980; x_wconf 88' lang='lat' dir='ltr'><strong>quinque</strong></span> <span class='ocrx_word' id='word_1_226' title='bbox 345 1943 466 1970; x_wconf 87' lang='lat' dir='ltr'><strong>annos</strong></span> <span class='ocrx_word' id='word_1_227' title='bbox 495 1936 553 1971; x_wconf 88' lang='lat' dir='ltr'><strong>est</strong></span> <span class='ocrx_word' id='word_1_228' title='bbox 579 1932 908 1976; x_wconf 72' lang='lat' dir='ltr'><strong>imminutum.¹20)</strong></span> 
     </span>
    </p>
   </div>
   <div class='ocr_carea' id='block_1_3' title="bbox 142 2067 1648 2798">
    <p class='ocr_par' dir='ltr' id='par_1_3' title="bbox 145 2067 1648 2170">
     <span class='ocr_line' id='line_1_27' title="bbox 235 2067 1648 2112; baseline -0.001 -10"><span class='ocrx_word' id='word_1_229' title='bbox 235 2068 298 2109; x_wconf 78' lang='lat'>¹¹⁸)</span> <span class='ocrx_word' id='word_1_230' title='bbox 321 2067 422 2103; x_wconf 88' lang='lat' dir='ltr'><strong>Haec</strong></span> <span class='ocrx_word' id='word_1_231' title='bbox 447 2067 617 2102; x_wconf 88' lang='lat' dir='ltr'><strong>discimus</strong></span> <span class='ocrx_word' id='word_1_232' title='bbox 643 2078 662 2103; x_wconf 93' lang='lat' dir='ltr'><strong>e</strong></span> <span class='ocrx_word' id='word_1_233' title='bbox 687 2067 835 2112; x_wconf 84' lang='lat' dir='ltr'><strong>parvulo</strong></span> <span class='ocrx_word' id='word_1_234' title='bbox 859 2067 1013 2103; x_wconf 86' lang='lat' dir='ltr'><strong>frustulo</strong></span> <span class='ocrx_word' id='word_1_235' title='bbox 1039 2068 1219 2103; x_wconf 88' lang='lat' dir='ltr'><strong>rationum</strong></span> <span class='ocrx_word' id='word_1_236' title='bbox 1237 2067 1469 2102; x_wconf 84' lang='lat' dir='ltr'><strong>Anthesterio</strong></span> <span class='ocrx_word' id='word_1_237' title='bbox 1489 2073 1523 2102; x_wconf 82' lang='lat' dir='ltr'><strong>et</strong></span> <span class='ocrx_word' id='word_1_238' title='bbox 1540 2067 1648 2102; x_wconf 81' lang='lat' dir='ltr'><strong>Calli-</strong></span> 
     </span>
     <span class='ocr_line' id='line_1_28' title="bbox 145 2125 1648 2170; baseline -0.001 -10"><span class='ocrx_word' id='word_1_239' title='bbox 145 2129 258 2160; x_wconf 80' lang='lat' dir='ltr'><strong>strato</strong></span> <span class='ocrx_word' id='word_1_240' title='bbox 275 2125 507 2160; x_wconf 79' lang='lat' dir='ltr'><strong>archontibus</strong></span> <span class='ocrx_word' id='word_1_241' title='bbox 521 2125 747 2170; x_wconf 86' lang='lat' dir='ltr'><strong>scriptarum,</strong></span> <span class='ocrx_word' id='word_1_242' title='bbox 765 2125 861 2169; x_wconf 89' lang='lat' dir='ltr'><strong>quod</strong></span> <span class='ocrx_word' id='word_1_243' title='bbox 874 2132 1008 2160; x_wconf 84' lang='lat' dir='ltr'><strong>exstat:</strong></span> <span class='ocrx_word' id='word_1_244' title='bbox 1034 2125 1126 2160; x_wconf 90' lang='lat' dir='ltr'><strong>Bull.</strong></span> <span class='ocrx_word' id='word_1_245' title='bbox 1142 2125 1173 2159; x_wconf 93' lang='lat' dir='ltr'><strong>d.</strong></span> <span class='ocrx_word' id='word_1_246' title='bbox 1189 2125 1285 2159; x_wconf 89' lang='lat' dir='ltr'><strong>Corr.</strong></span> <span class='ocrx_word' id='word_1_247' title='bbox 1302 2125 1394 2160; x_wconf 90' lang='lat' dir='ltr'><strong>Hell.</strong></span> <span class='ocrx_word' id='word_1_248' title='bbox 1410 2137 1442 2169; x_wconf 88' lang='lat' dir='ltr'><strong>p.</strong></span> <span class='ocrx_word' id='word_1_249' title='bbox 1462 2128 1648 2161; x_wconf 62' lang='lat' dir='ltr'><strong>iso—186.</strong></span> 
     </span>
    </p>

    <p class='ocr_par' dir='ltr' id='par_1_4' title="bbox 142 2181 1648 2798">
     <span class='ocr_line' id='line_1_29' title="bbox 245 2181 1648 2227; baseline -0.001 -10"><span class='ocrx_word' id='word_1_250' title='bbox 245 2181 303 2227; x_wconf 82' lang='lat'><strong>¹¹⁹)</strong></span> <span class='ocrx_word' id='word_1_251' title='bbox 329 2181 410 2217; x_wconf 90' lang='lat' dir='ltr'><strong>Una</strong></span> <span class='ocrx_word' id='word_1_252' title='bbox 426 2192 506 2217; x_wconf 91' lang='lat' dir='ltr'><strong>cum</strong></span> <span class='ocrx_word' id='word_1_253' title='bbox 524 2181 776 2226; x_wconf 82' lang='lat' dir='ltr'><strong>quaestoribus</strong></span> <span class='ocrx_word' id='word_1_254' title='bbox 793 2182 829 2216; x_wconf 94' lang='lat' dir='ltr'><strong>in</strong></span> <span class='ocrx_word' id='word_1_255' title='bbox 847 2182 1021 2226; x_wconf 88' lang='lat' dir='ltr'><strong>pecuniae</strong></span> <span class='ocrx_word' id='word_1_256' title='bbox 1040 2182 1245 2226; x_wconf 81' lang='lat' dir='ltr'><strong>traditione,</strong></span> <span class='ocrx_word' id='word_1_257' title='bbox 1263 2188 1300 2217; x_wconf 84' lang='lat' dir='ltr'><strong>ut</strong></span> <span class='ocrx_word' id='word_1_258' title='bbox 1324 2183 1359 2216; x_wconf 92' lang='lat' dir='ltr'><strong>in</strong></span> <span class='ocrx_word' id='word_1_259' title='bbox 1378 2182 1482 2216; x_wconf 81' lang='lat' dir='ltr'><strong>titulo</strong></span> <span class='ocrx_word' id='word_1_260' title='bbox 1499 2182 1648 2225; x_wconf 80' lang='lat' dir='ltr'><strong>deliaco,</strong></span> 
     </span>
     <span class='ocr_line' id='line_1_30' title="bbox 143 2238 1647 2284; baseline -0.001 -10"><span class='ocrx_word' id='word_1_261' title='bbox 143 2238 372 2284; x_wconf 77' lang='lat' dir='ltr'><strong>appellantur</strong></span> <span class='ocrx_word' id='word_1_262' title='bbox 395 2239 433 2274; x_wconf 91' lang='lat' dir='ltr'><strong>in</strong></span> <span class='ocrx_word' id='word_1_263' title='bbox 457 2239 657 2274; x_wconf 87' lang='lat' dir='ltr'><strong>rationibus</strong></span> <span class='ocrx_word' id='word_1_264' title='bbox 688 2239 820 2274; x_wconf 86' lang='lat' dir='ltr'><strong>aerarii</strong></span> <span class='ocrx_word' id='word_1_265' title='bbox 846 2239 1067 2274; x_wconf 83' lang='lat' dir='ltr'><strong>atheniensis</strong></span> <span class='ocrx_word' id='word_1_266' title='bbox 1093 2239 1147 2274; x_wconf 85' lang='lat' dir='ltr'><strong>Ol.</strong></span> <span class='ocrx_word' id='word_1_267' title='bbox 1171 2242 1244 2281; x_wconf 83' lang='lat'><strong>108,</strong></span> <span class='ocrx_word' id='word_1_268' title='bbox 1270 2242 1291 2273; x_wconf 87' lang='lat'>3</span> <span class='ocrx_word' id='word_1_269' title='bbox 1315 2247 1351 2273; x_wconf 83' lang='lat' dir='ltr'><strong>et</strong></span> <span class='ocrx_word' id='word_1_270' title='bbox 1376 2244 1396 2273; x_wconf 71' lang='lat'>4</span> <span class='ocrx_word' id='word_1_271' title='bbox 1423 2239 1566 2283; x_wconf 77' lang='lat' dir='ltr'><strong>scriptis</strong></span> <span class='ocrx_word' id='word_1_272' title='bbox 1594 2239 1647 2281; x_wconf 49' lang='lat' dir='ltr'><strong>(C.</strong></span> 
     </span>
     <span class='ocr_line' id='line_1_31' title="bbox 142 2295 1648 2341; baseline -0.003 -10"><span class='ocrx_word' id='word_1_273' title='bbox 142 2296 229 2334; x_wconf 80' lang='lat' dir='ltr'><strong>LA.</strong></span> <span class='ocrx_word' id='word_1_274' title='bbox 245 2295 292 2341; x_wconf 79' lang='grc' dir='ltr'><strong>Π,</strong></span> <span class='ocrx_word' id='word_1_275' title='bbox 308 2298 407 2340; x_wconf 81' lang='grc'><strong>737);</strong></span> <span class='ocrx_word' id='word_1_276' title='bbox 431 2306 677 2331; x_wconf 82' lang='lat' dir='ltr'><strong>mensurarum</strong></span> <span class='ocrx_word' id='word_1_277' title='bbox 703 2296 901 2340; x_wconf 85' lang='lat' dir='ltr'><strong>specimina</strong></span> <span class='ocrx_word' id='word_1_278' title='bbox 926 2296 1004 2340; x_wconf 87' lang='lat' dir='ltr'><strong>lege</strong></span> <span class='ocrx_word' id='word_1_279' title='bbox 1030 2296 1226 2331; x_wconf 79' lang='lat' dir='ltr'><strong>constituta</strong></span> <span class='ocrx_word' id='word_1_280' title='bbox 1251 2305 1456 2330; x_wconf 75' lang='lat' dir='ltr'><strong>asservasse</strong></span> <span class='ocrx_word' id='word_1_281' title='bbox 1483 2295 1648 2339; x_wconf 74' lang='grc' dir='ltr'><em>δημὸσωι</em></span> 
     </span>
     <span class='ocr_line' id='line_1_32' title="bbox 143 2350 1646 2398; baseline -0.002 -10"><span class='ocrx_word' id='word_1_282' title='bbox 143 2352 322 2398; x_wconf 77' lang='lat' dir='ltr'><strong>dicuntur,</strong></span> <span class='ocrx_word' id='word_1_283' title='bbox 346 2354 366 2388; x_wconf 88' lang='grc' dir='ltr'><strong><em>ὁ</em></strong></span> <span class='ocrx_word' id='word_1_284' title='bbox 383 2354 421 2386; x_wconf 80' lang='grc' dir='ltr'><strong>ἐν</strong></span> <span class='ocrx_word' id='word_1_285' title='bbox 441 2350 560 2386; x_wconf 73' lang='grc' dir='ltr'><strong><em>Σκιάδι</em></strong></span> <span class='ocrx_word' id='word_1_286' title='bbox 578 2358 614 2388; x_wconf 80' lang='lat' dir='ltr'><strong>et</strong></span> <span class='ocrx_word' id='word_1_287' title='bbox 629 2354 648 2386; x_wconf 88' lang='grc' dir='ltr'><strong><em>ὁ</em></strong></span> <span class='ocrx_word' id='word_1_288' title='bbox 666 2353 702 2385; x_wconf 82' lang='grc' dir='ltr'><strong>ἐν</strong></span> <span class='ocrx_word' id='word_1_289' title='bbox 723 2351 888 2397; x_wconf 80' lang='grc' dir='ltr'><em>Πειραιεῖ</em></span> <span class='ocrx_word' id='word_1_290' title='bbox 912 2360 947 2388; x_wconf 81' lang='lat' dir='ltr'><strong>et</strong></span> <span class='ocrx_word' id='word_1_291' title='bbox 973 2355 992 2387; x_wconf 85' lang='grc' dir='ltr'><strong><em>ὁ</em></strong></span> <span class='ocrx_word' id='word_1_292' title='bbox 1012 2355 1048 2386; x_wconf 78' lang='grc' dir='ltr'><strong>ἐν</strong></span> <span class='ocrx_word' id='word_1_293' title='bbox 1072 2352 1243 2387; x_wconf 77' lang='grc' dir='ltr'><em>Ἐλευσῖνι</em></span> <span class='ocrx_word' id='word_1_294' title='bbox 1268 2353 1304 2386; x_wconf 89' lang='lat' dir='ltr'><strong>in</strong></span> <span class='ocrx_word' id='word_1_295' title='bbox 1322 2352 1427 2387; x_wconf 84' lang='lat' dir='ltr'><strong>titulo</strong></span> <span class='ocrx_word' id='word_1_296' title='bbox 1446 2352 1646 2386; x_wconf 83' lang='lat' dir='ltr'><strong>notissimo:</strong></span> 
     </span>
     <span class='ocr_line' id='line_1_33' title="bbox 143 2408 1646 2455; baseline -0.003 -9"><span class='ocrx_word' id='word_1_297' title='bbox 143 2410 222 2446; x_wconf 85' lang='lat' dir='ltr'><strong>e.1.</strong></span> <span class='ocrx_word' id='word_1_298' title='bbox 237 2411 281 2446; x_wconf 80' lang='lat' dir='ltr'><strong>A.</strong></span> <span class='ocrx_word' id='word_1_299' title='bbox 297 2410 343 2455; x_wconf 87' lang='lat'><strong>11,</strong></span> <span class='ocrx_word' id='word_1_300' title='bbox 368 2412 447 2455; x_wconf 79' lang='lat'><strong>476,</strong></span> <span class='ocrx_word' id='word_1_301' title='bbox 472 2421 578 2454; x_wconf 86' lang='lat' dir='ltr'><strong>quem</strong></span> <span class='ocrx_word' id='word_1_302' title='bbox 596 2410 755 2445; x_wconf 87' lang='lat' dir='ltr'><strong>Koehler</strong></span> <span class='ocrx_word' id='word_1_303' title='bbox 771 2410 918 2446; x_wconf 82' lang='lat' dir='ltr'><strong>exeunti</strong></span> <span class='ocrx_word' id='word_1_304' title='bbox 944 2410 1088 2445; x_wconf 90' lang='lat' dir='ltr'><strong>saeculo</strong></span> <span class='ocrx_word' id='word_1_305' title='bbox 1107 2408 1263 2445; x_wconf 87' lang='lat' dir='ltr'><strong>secundo</strong></span> <span class='ocrx_word' id='word_1_306' title='bbox 1282 2409 1418 2452; x_wconf 86' lang='lat' dir='ltr'><strong>tribuit,</strong></span> <span class='ocrx_word' id='word_1_307' title='bbox 1445 2409 1465 2442; x_wconf 94' lang='lat' dir='ltr'><strong>i.</strong></span> <span class='ocrx_word' id='word_1_308' title='bbox 1485 2420 1513 2442; x_wconf 86' lang='lat' dir='ltr'><strong>e.</strong></span> <span class='ocrx_word' id='word_1_309' title='bbox 1533 2408 1646 2442; x_wconf 80' lang='lat' dir='ltr'><strong>eidem</strong></span> 
     </span>
     <span class='ocr_line' id='line_1_34' title="bbox 142 2465 1646 2513; baseline -0.003 -10"><span class='ocrx_word' id='word_1_310' title='bbox 142 2468 307 2513; x_wconf 83' lang='lat' dir='ltr'><strong>tempori,</strong></span> <span class='ocrx_word' id='word_1_311' title='bbox 331 2478 401 2513; x_wconf 87' lang='lat' dir='ltr'><strong>quo</strong></span> <span class='ocrx_word' id='word_1_312' title='bbox 427 2468 534 2503; x_wconf 76' lang='lat' dir='ltr'><strong>etiam</strong></span> <span class='ocrx_word' id='word_1_313' title='bbox 560 2467 720 2503; x_wconf 86' lang='lat' dir='ltr'><strong>deliacus</strong></span> <span class='ocrx_word' id='word_1_314' title='bbox 746 2468 887 2504; x_wconf 82' lang='lat' dir='ltr'><strong>videtur</strong></span> <span class='ocrx_word' id='word_1_315' title='bbox 913 2469 1078 2512; x_wconf 89' lang='lat' dir='ltr'><strong>scriptus.</strong></span> <span class='ocrx_word' id='word_1_316' title='bbox 1209 2466 1270 2506; x_wconf 77' lang='lat'>¹⁹0)</span> <span class='ocrx_word' id='word_1_317' title='bbox 1295 2466 1335 2500; x_wconf 91' lang='lat' dir='ltr'><strong>In</strong></span> <span class='ocrx_word' id='word_1_318' title='bbox 1361 2465 1512 2500; x_wconf 78' lang='lat' dir='ltr'><strong>frustulo</strong></span> <span class='ocrx_word' id='word_1_319' title='bbox 1538 2466 1646 2499; x_wconf 83' lang='lat' dir='ltr'><strong>ratio-</strong></span> 
     </span>
     <span class='ocr_line' id='line_1_35' title="bbox 142 2522 1646 2570; baseline -0.002 -10"><span class='ocrx_word' id='word_1_320' title='bbox 142 2535 228 2560; x_wconf 88' lang='lat' dir='ltr'><strong>num</strong></span> <span class='ocrx_word' id='word_1_321' title='bbox 245 2524 510 2560; x_wconf 83' lang='lat' dir='ltr'><strong>atheniensium</strong></span> <span class='ocrx_word' id='word_1_322' title='bbox 526 2535 636 2570; x_wconf 87' lang='lat' dir='ltr'><strong>supra</strong></span> <span class='ocrx_word' id='word_1_323' title='bbox 653 2527 736 2570; x_wconf 89' lang='lat' dir='ltr'><strong>(not.</strong></span> <span class='ocrx_word' id='word_1_324' title='bbox 756 2527 830 2570; x_wconf 81' lang='grc'>118)</span> <span class='ocrx_word' id='word_1_325' title='bbox 848 2526 1029 2570; x_wconf 82' lang='lat' dir='ltr'><strong>appellato</strong></span> <span class='ocrx_word' id='word_1_326' title='bbox 1048 2525 1153 2568; x_wconf 89' lang='lat' dir='ltr'><strong>(Bull.</strong></span> <span class='ocrx_word' id='word_1_327' title='bbox 1171 2524 1203 2558; x_wconf 92' lang='lat' dir='ltr'><strong>d.</strong></span> <span class='ocrx_word' id='word_1_328' title='bbox 1223 2523 1321 2558; x_wconf 90' lang='lat' dir='ltr'><strong>Corr.</strong></span> <span class='ocrx_word' id='word_1_329' title='bbox 1335 2522 1427 2557; x_wconf 84' lang='lat' dir='ltr'><strong>Hell.</strong></span> <span class='ocrx_word' id='word_1_330' title='bbox 1443 2523 1502 2565; x_wconf 75' lang='lat' dir='ltr'><strong>IV,</strong></span> <span class='ocrx_word' id='word_1_331' title='bbox 1521 2535 1552 2567; x_wconf 86' lang='lat' dir='ltr'><strong>p.</strong></span> <span class='ocrx_word' id='word_1_332' title='bbox 1574 2525 1646 2566; x_wconf 74' lang='grc'>185)</span> 
     </span>
     <span class='ocr_line' id='line_1_36' title="bbox 142 2579 1645 2627; baseline -0.003 -10"><span class='ocrx_word' id='word_1_333' title='bbox 142 2581 233 2617; x_wconf 77' lang='lat' dir='ltr'><strong>haec</strong></span> <span class='ocrx_word' id='word_1_334' title='bbox 262 2581 431 2626; x_wconf 79' lang='lat' dir='ltr'><strong>leguntur</strong></span> <span class='ocrx_word' id='word_1_335' title='bbox 461 2581 570 2617; x_wconf 79' lang='lat' dir='ltr'><strong>verba</strong></span> <span class='ocrx_word' id='word_1_336' title='bbox 601 2582 706 2627; x_wconf 90' lang='lat' dir='ltr'><strong>(quae</strong></span> <span class='ocrx_word' id='word_1_337' title='bbox 738 2588 776 2617; x_wconf 80' lang='lat' dir='ltr'><strong>ut</strong></span> <span class='ocrx_word' id='word_1_338' title='bbox 802 2582 931 2617; x_wconf 82' lang='lat' dir='ltr'><strong>multas</strong></span> <span class='ocrx_word' id='word_1_339' title='bbox 965 2582 1008 2617; x_wconf 91' lang='lat' dir='ltr'><strong>ob</strong></span> <span class='ocrx_word' id='word_1_340' title='bbox 1033 2592 1161 2616; x_wconf 83' lang='lat' dir='ltr'><strong>causas</strong></span> <span class='ocrx_word' id='word_1_341' title='bbox 1193 2580 1339 2624; x_wconf 84' lang='lat' dir='ltr'><strong>cognitu</strong></span> <span class='ocrx_word' id='word_1_342' title='bbox 1370 2580 1561 2614; x_wconf 78' lang='lat' dir='ltr'><strong>utilissima</strong></span> <span class='ocrx_word' id='word_1_343' title='bbox 1588 2579 1645 2614; x_wconf 91' lang='lat' dir='ltr'><strong>hic</strong></span> 
     </span>
     <span class='ocr_line' id='line_1_37' title="bbox 142 2636 1645 2684; baseline -0.003 -10"><span class='ocrx_word' id='word_1_344' title='bbox 142 2643 221 2674; x_wconf 80' lang='lat' dir='ltr'><strong>tota</strong></span> <span class='ocrx_word' id='word_1_345' title='bbox 235 2638 448 2683; x_wconf 81' lang='lat' dir='ltr'><strong>perscribo):</strong></span> <span class='ocrx_word' id='word_1_346' title='bbox 475 2639 654 2672; x_wconf 66' lang='grc' dir='ltr'><em>συνοικίαν</em></span> <span class='ocrx_word' id='word_1_347' title='bbox 671 2636 883 2684; x_wconf 74' lang='grc' dir='ltr'><strong>Μαψιχιδὼν</strong></span> <span class='ocrx_word' id='word_1_348' title='bbox 902 2639 1043 2682; x_wconf 69' lang='lat' dir='ltr'><strong>‹trittya</strong></span> <span class='ocrx_word' id='word_1_349' title='bbox 1060 2644 1114 2673; x_wconf 84' lang='lat' dir='ltr'><strong>est</strong></span> <span class='ocrx_word' id='word_1_350' title='bbox 1133 2638 1186 2672; x_wconf 77' lang='lat' dir='ltr'><strong>vel</strong></span> <span class='ocrx_word' id='word_1_351' title='bbox 1206 2648 1303 2682; x_wconf 77' lang='lat' dir='ltr'><strong>gens,</strong></span> <span class='ocrx_word' id='word_1_352' title='bbox 1322 2647 1428 2680; x_wconf 86' lang='lat' dir='ltr'><strong>quam</strong></span> <span class='ocrx_word' id='word_1_353' title='bbox 1448 2636 1594 2680; x_wconf 81' lang='lat' dir='ltr'><strong>saepius</strong></span> <span class='ocrx_word' id='word_1_354' title='bbox 1609 2636 1645 2670; x_wconf 91' lang='lat' dir='ltr'><strong>in</strong></span> 
     </span>
     <span class='ocr_line' id='line_1_38' title="bbox 143 2691 1645 2740; baseline -0.004 -9"><span class='ocrx_word' id='word_1_355' title='bbox 143 2694 260 2731; x_wconf 83' lang='lat' dir='ltr'><strong>titulis</strong></span> <span class='ocrx_word' id='word_1_356' title='bbox 283 2695 420 2731; x_wconf 84' lang='lat' dir='ltr'><strong>liberae</strong></span> <span class='ocrx_word' id='word_1_357' title='bbox 445 2695 603 2731; x_wconf 78' lang='lat' dir='ltr'><strong>civitatis</strong></span> <span class='ocrx_word' id='word_1_358' title='bbox 627 2701 938 2731; x_wconf 81' lang='lat' dir='ltr'><strong>commemoratam</strong></span> <span class='ocrx_word' id='word_1_359' title='bbox 957 2695 1183 2738; x_wconf 84' lang='lat' dir='ltr'><strong>invenimus),</strong></span> <span class='ocrx_word' id='word_1_360' title='bbox 1211 2695 1252 2740; x_wconf 78' lang='grc' dir='ltr'><strong>ἣν</strong></span> <span class='ocrx_word' id='word_1_361' title='bbox 1274 2695 1508 2734; x_wconf 72' lang='grc' dir='ltr'><em>ἐμεμίσθωτο</em></span> <span class='ocrx_word' id='word_1_362' title='bbox 1528 2691 1645 2736; x_wconf 78' lang='grc' dir='ltr'><em>Σαρα-</em></span> 
     </span>
     <span class='ocr_line' id='line_1_39' title="bbox 142 2750 1645 2798; baseline -0.001 -12"><span class='ocrx_word' id='word_1_363' title='bbox 142 2752 243 2796; x_wconf 72' lang='grc' dir='ltr'><em>πίων,</em></span> <span class='ocrx_word' id='word_1_364' title='bbox 268 2751 326 2786; x_wconf 77' lang='grc' dir='ltr'><strong>διὰ</strong></span> <span class='ocrx_word' id='word_1_365' title='bbox 350 2751 393 2786; x_wconf 76' lang='grc' dir='ltr'><strong>τὸ</strong></span> <span class='ocrx_word' id='word_1_366' title='bbox 411 2752 676 2797; x_wconf 74' lang='grc' dir='ltr'><strong>ἀπεληλυθέναι</strong></span> <span class='ocrx_word' id='word_1_367' title='bbox 694 2750 912 2796; x_wconf 77' lang='grc' dir='ltr'><em>Σαραπίωνα</em></span> <span class='ocrx_word' id='word_1_368' title='bbox 938 2752 976 2785; x_wconf 79' lang='grc' dir='ltr'><strong>ἐι</strong></span> <span class='ocrx_word' id='word_1_369' title='bbox 994 2755 1057 2797; x_wconf 77' lang='grc' dir='ltr'><strong>τῆς</strong></span> <span class='ocrx_word' id='word_1_370' title='bbox 1086 2753 1195 2798; x_wconf 74' lang='grc' dir='ltr'><em>νήσου</em></span> <span class='ocrx_word' id='word_1_371' title='bbox 1220 2751 1358 2796; x_wconf 64' lang='lat' dir='ltr'><strong>(Delius</strong></span> <span class='ocrx_word' id='word_1_372' title='bbox 1378 2750 1542 2786; x_wconf 79' lang='lat' dir='ltr'><strong>videlicet</strong></span> <span class='ocrx_word' id='word_1_373' title='bbox 1568 2756 1645 2785; x_wconf 80' lang='lat' dir='ltr'><strong>erat</strong></span> 
     </span>
    </p>
   </div>
  </div>
 </body>
</html>
