1957 3326
902 279 1183 322 ..30-

294 418 416 446 annus
453 410 542 455 post
568 405 731 444 hiberna
757 405 947 453 inceperit
974 404 1158 450 solstitia,
1187 403 1340 441 minime
1368 401 1502 441 dubito
1530 401 1579 441 ad
1607 401 1796 450 antiquis-

295 470 391 508 sima
417 468 563 506 referre
591 472 778 516 tempora,
806 467 1035 515 praesertim
1056 477 1171 514 quum
1193 466 1306 503 etiam
1330 464 1620 503 Atheniensium
1641 474 1796 511 annum,

295 543 407 580 quem
443 543 518 568 non
554 530 745 568 diversum
780 529 899 567 fuisse
934 529 1087 567 collatis
1126 529 1313 566 mensium
1348 526 1565 566 nominibus
1599 526 1796 573 coniicias,

294 594 342 632 ab
379 593 512 632 eodem
547 604 631 631 esse
670 604 799 631 orsum
834 596 1006 640 tempore
1037 591 1177 628 mensis
1215 590 1278 628 ille
1307 589 1549 628 intercalaris
1587 610 1631 616 —-
1670 600 1797 626 ποσει-

294 655 395 693 ὂεὼν
425 655 612 705 δεύτερος
640 655 858 703 appellatus
890 676 930 681 —
964 654 1228 692 demonstrare
1248 652 1441 691 videatur:
1471 652 1537 700 qui
1559 652 1599 690 in
1617 650 1796 698 medium,

294 723 336 757 ut
363 719 473 758 nobis
501 730 602 757 nunc
630 722 690 757 est
714 719 919 766 cognitum,
948 728 1089 755 annum
1109 715 1256 762 incidit,
1284 716 1323 753 in
1342 714 1517 763 pristinis
1536 718 1664 752 autem
1684 712 1795 752 fastis

293 786 382 830 post
408 782 582 820 ultimum
610 782 700 820 anni
728 791 895 818 mensem
923 780 1053 818 nescio
1081 791 1130 817 an
1158 778 1274 817 adiici
1299 778 1434 816 solitus
1461 777 1523 824 sit,
1552 775 1656 825 quod
1674 776 1795 824 magis

293 845 433 883 rationi
461 856 546 883 esse
571 848 871 882 consentaneum
891 854 1002 881 nemo
1023 848 1094 889 est,
1123 842 1283 890 quinon
1310 840 1451 880 videat.
1498 839 1660 889 Quoquo
1681 838 1794 878 modo

293 908 366 946 hac
393 907 440 946 de
468 919 510 945 re
539 906 785 945 iudicandum
815 909 885 953 est,
913 916 984 954 pro
1013 908 1119 944 certo
1149 905 1271 943 habeo
1300 903 1421 942 fastos
1446 903 1627 951 deliacos,
1655 903 1695 940 in
1715 901 1799 950 qui-

294 970 365 1009 bus
400 981 423 1008 a
458 970 661 1008 Lenaeone
699 980 829 1007 mense
865 979 988 1006 annus
1029 967 1236 1015 inciperet,
1282 978 1406 1015 neque
1447 966 1592 1005 liberae
1631 968 1798 1004 tautum-

294 1032 407 1072 modo
444 1032 680 1081 reipublicae
717 1035 890 1079 tempore
924 1031 963 1067 in
999 1041 1108 1068 usum
1147 1031 1296 1068 venisse
1331 1041 1457 1078 neque
1490 1029 1702 1077 antiquitus
1742 1028 1800 1065 in·

294 1098 450 1136 stitutos
479 1107 564 1134 esse
592 1095 641 1134 ab
671 1094 969 1133 Atheniensibus
998 1094 1236 1132 immutatos:
1266 1094 1331 1142 qui
1360 1104 1477 1142 quum
1502 1092 1707 1132 archontes
1732 1090 1797 1129 de-

293 1160 383 1198 liaci
421 1159 623 1207 quominus
662 1168 820 1195 munere
856 1157 969 1195 solito
1004 1167 1110 1194 more
1145 1155 1414 1204 fungerentur,
1454 1166 1532 1194 non
1566 1154 1798 1201 obstiterint,

294 1222 499 1261 verisimile
536 1232 613 1260 non
653 1224 712 1259 est
752 1232 817 1259 eos
858 1224 1028 1268 tempus,
1071 1230 1147 1267 quo
1188 1219 1455 1266 magistratum
1494 1217 1657 1265 inirent,
1697 1227 1800 1255 com·

293 1289 475 1332 mutasse,

397 1346 584 1394 Quoniam
619 1345 668 1384 ad
704 1343 825 1383 fastos
862 1344 1042 1382 Deliacos
1082 1341 1380 1391 pertractandos
1419 1353 1482 1381 res
1522 1343 1608 1391 ipsa
1641 1353 1699 1380 me
1734 1341 1799 1380 de-

294 1410 399 1457 tulit,
441 1409 548 1448 aliud
590 1409 704 1448 etiam
745 1419 900 1447 monere
940 1407 1038 1445 volo.
1117 1406 1228 1444 Dixit
1270 1405 1504 1453 Homollius,
1545 1405 1608 1444 cui
1650 1415 1799 1444 omnem

293 1585 394 1621 festis
419 1585 456 1620 in
480 1585 650 1619 honorem
676 1582 826 1627 Dionysi
847 1581 983 1616 Lenaei
1009 1580 1200 1616 celebratis
1225 1585 1308 1625 post
1332 1585 1498 1626 peractos
1522 1579 1722 1615 vindemiae
1747 1578 1798 1614 la·

295 1642 414 1686 bores,
446 1641 626 1676 invenitur
649 1645 686 1675 et
711 1639 831 1684 Cyzici
857 1639 906 1684 (C.
932 1639 958 1674 Ι.
986 1639 1027 1674 G.
1053 1640 1156 1684 3664)
1183 1643 1218 1674 et
1245 1638 1415 1684 Smyrnae
1441 1638 1491 1684 (C.
1517 1637 1543 1673 1.
1570 1637 1612 1673 G.
1635 1637 1738 1681 3137)
1763 1640 1800 1671 et

295 1699 460 1744 Erythris
494 1699 591 1743 (Rev.
619 1697 727 1732 Arch.
754 1697 920 1742 XXXIV,
947 1708 980 1742 p.
1005 1698 1079 1742 107)
1103 1702 1139 1731 et
1162 1696 1355 1741 Lampsaci
1380 1696 1433 1739 (C.
1451 1696 1478 1731 1.
1497 1695 1538 1731 G.
1564 1694 1645 1730 add.
1670 1694 1798 1738 3641¹·)

294 1761 329 1791 et
346 1756 489 1800 Myconi
515 1753 643 1800 (Ἀθήν.
658 1754 703 1797 ΙΙ,
722 1766 754 1800 p.
772 1758 862 1799 237).
904 1755 1134 1798 Thargelion,
1161 1765 1230 1798 quo
1248 1765 1368 1789 mense
1383 1753 1513 1798 Apollo
1531 1761 1704 1796 sororque
1721 1750 1799 1786 eius

293 1813 368 1848 nati
394 1812 490 1857 apud
516 1812 638 1847 Delios
672 1812 721 1855 (et
752 1811 859 1846 credo
885 1821 1007 1846 omnes
1033 1811 1149 1855 Iones)
1182 1810 1393 1846 dicebantur
1424 1816 1459 1845 et
1483 1810 1577 1845 festa
1609 1809 1661 1845 eis
1685 1807 1799 1843 Thar-

295 1871 390 1915 gelia
427 1870 626 1914 agebantur
664 1868 914 1912 antiquissimo
952 1867 1128 1903 lustrandi
1167 1867 1239 1902 ritu
1270 1868 1492 1912 (καιῖαρμοί)
1528 1865 1686 1911 insignia
1717 1863 1798 1910 (cfr.

295 1927 476 1972 Toepfferi
508 1932 633 1963 contra
660 1925 890 1971 Spengelium
917 1925 1197 1970 disputationem
1223 1923 1465 1959 doctissimam
1495 1923 1543 1957 im
1566 1922 1661 1958 Mus.
1684 1921 1799 1956 Rhen.

294 1984 426 2029 XLIII,
447 1996 480 2029 p.
500 1987 587 2030 142),
615 1984 771 2019 occurrit
787 1983 888 2018 nobis
904 1982 995 2017 Teni
1013 1981 1152 2027 (C.I.G.
1172 1982 1273 2026 2338)
1292 1986 1329 2016 et
1344 1979 1511 2025 Pergami
1528 1980 1616 2025 (C.l.
1628 1978 1669 2015 G.
1686 1980 1799 2025 3662).

386 2042 590 2086 Apaturion
617 2041 661 2076 ab
679 2040 867 2086 Apaturiis
885 2039 1014 2083 dictus,
1040 2048 1132 2082 quae
1159 2037 1346 2073 sollemnia
1368 2037 1568 2072 arctissime
1591 2041 1694 2072 erant
1717 2046 1800 2072 con-

295 2099 418 2134 iuncta
445 2110 524 2134 cum
551 2098 663 2133 sacris
690 2095 883 2142 gentiliciis
910 2100 946 2130 et
967 2094 1149 2130 celebrata
1166 2094 1306 2138 signum
1324 2093 1622 2128 existimabantur
1637 2102 1680 2128 ac
1696 2093 1801 2137 quasi

295 2157 426 2201 pignus
453 2156 602 2199 originis
628 2165 709 2191 vere
736 2153 886 2197 ionicae,
911 2158 951 2187 ut
975 2152 1063 2187 dicit
1086 2151 1312 2187 Herodotus:
1351 2149 1431 2185 Εἰσὶ
1455 2151 1494 2184 δὲ
1521 2151 1657 2190 πάντες
1677 2148 1802 2189 Ἴωνες

295 2214 375 2248 ὅσοι
398 2213 611 2258 Ἀπατούρια
637 2211 760 2257 ἄγουσι
785 2211 918 2256 ἑορτήν
946 2209 1090 2255 (Herod.
1113 2210 1139 2254 I,
1170 2210 1256 2254 147),
1283 2213 1401 2244 exstat
1425 2208 1461 2242 in
1486 2206 1590 2242 fastis
1615 2206 1800 2252 Cyzicenis

297 2271 347 2316 (C.
366 2271 392 2305 Ι.
412 2270 453 2305 G.
471 2272 555 2307 3661
579 2275 614 2305 et
633 2271 735 2315 3664)
761 2274 797 2304 et
821 2268 945 2304 Teniis
971 2268 1021 2314 (C.
1040 2268 1066 2302 l.
1085 2268 1127 2302 G.
1146 2268 1259 2312 2338).
1298 2265 1478 2301 Posideon
1501 2274 1644 2310 quoque
1667 2263 1801 2299 mensis

295 2327 382 2372 quin
408 2327 607 2371 antiquitus
639 2325 736 2372 apud
769 2335 889 2361 omnes
922 2324 1026 2360 Iones
1050 2325 1086 2358 in
1119 2334 1185 2359 usu
1211 2323 1339 2368 fuerit,
1371 2332 1442 2358 non
1467 2326 1524 2358 est
1554 2319 1801 2366 dubitandum,

295 2395 404 2429 quum
424 2388 562 2419 constet
578 2383 846 2427 religiosissime
869 2381 1003 2417 cultum
1022 2391 1099 2416 esse
1125 2381 1171 2416 ab
1188 2380 1351 2416 omnibus
1376 2390 1498 2416 eorum
1516 2378 1682 2424 gentibus
1705 2377 1801 2413 hunc

295 2441 401 2476 deum
426 2446 462 2476 et
487 2440 532 2474 ad
558 2440 696 2484 Aegion
723 2440 758 2474 in
785 2439 936 2483 Aegialo
962 2438 1262 2483 peloponnesiaco
1288 2442 1324 2473 et
1348 2436 1393 2472 ad
1410 2437 1606 2472 πανιώνιον
1631 2435 1668 2471 in
1693 2434 1801 2470 dode-

296 2497 412 2543 capoli
439 2497 609 2542 asiatica,
641 2508 757 2542 neque
782 2498 920 2541 mirum,
954 2497 1048 2541 quod
1080 2496 1138 2531 hic
1172 2496 1396 2541 potissimum
1428 2493 1560 2531 mensis
1591 2492 1803 2538 (December

295 2558 431 2599 noster)
456 2555 503 2590 sit
519 2555 564 2590 ab
582 2555 658 2590 eius
676 2555 816 2590 nomine
835 2554 1048 2599 appellatus,
1075 2564 1183 2598 quum
1199 2558 1296 2589 certe
1321 2552 1366 2588 ob
1382 2552 1467 2587 anni
1490 2555 1632 2596 tempus
1647 2550 1801 2585 maxime

297 2612 441 2647 deceret
472 2611 659 2646 sacrificiis
692 2611 836 2655 placare
869 2611 1109 2655 ἐννοσίγαιοη
1143 2609 1323 2645 invenitur
1352 2612 1449 2644 certe
1479 2607 1602 2643 multis
1632 2606 1669 2642 in
1693 2605 1801 2642 locis:

298 2669 387 2704 Teni
407 2668 492 2713 (c.1.
505 2668 546 2703 G.
565 2670 678 2713 2338),
697 2667 815 2712 Cyzici
833 2666 972 2712 (C.I.G.
994 2668 1115 2711 3664),
1134 2665 1279 2711 Myconi
1296 2664 1421 2711 (Αθὴν.
1438 2664 1484 2710 11,
1501 2674 1535 2709 p.
1549 2664 1642 2708 237),
1664 2662 1801 2708 Ephesi

296 2725 350 2772 (C.
370 2726 397 2762 1.
416 2726 457 2760 G.
476 2728 594 2772 3028),
621 2724 787 2771 Erythris
811 2724 912 2769 (Rev.
937 2724 1034 2759 arch.
1060 2724 1082 2759 l.
1108 2726 1164 2768 c.).
