1979 3326
771 293 1054 335 ..51-

156 418 312 466 collegit
346 428 424 455 non
456 418 699 465 propositum
740 416 853 455 modo
889 416 1008 454 fuisse
1045 415 1241 454 decretum
1278 416 1367 454 Deli
1408 437 1457 443 —
1498 418 1541 452 ut
1575 415 1669 452 satis

157 481 279 518 multa
306 481 346 518 in
375 490 488 518 sacra
515 480 642 517 insula
671 481 828 517 inventa
854 482 944 517 sunt
973 482 1192 517 exterarum
1221 480 1392 526 gentium
1421 478 1579 516 decreta
1606 499 1668 524 -,

156 542 226 581 sed
253 543 371 581 etiam
400 541 450 581 ad
477 542 584 590 ipsas
612 542 812 580 Deliorum
838 554 902 580 res
921 545 1118 589 spectasse
1139 542 1269 589 aliquo
1289 541 1403 580 modo
1433 542 1668 579 constituen-

157 605 227 643 das
265 617 312 643 ex
341 607 530 644 communi
563 617 695 644 eorum
723 617 806 643 cum
840 605 1159 644 Lacedaemoniis
1194 616 1405 652 consensu;
1439 608 1555 652 atque
1584 614 1669 641 cum

162 671 201 706 et
226 669 457 716 templorum
489 673 526 706 et
554 680 689 708 sacrae
716 670 906 717 pecuniae
935 669 1018 705 τοῦ
1046 666 1165 705 θεοῦ
1193 670 1337 707 mentio
1358 668 1430 706 sub
1457 668 1562 706 tituli
1591 667 1669 704 exi-

156 734 236 768 tum
266 730 353 779 fiat,
388 732 471 770 iure
510 743 579 770 suo
609 733 745 770 statuit
771 732 872 770 idem
906 733 965 769 vir
993 732 1238 770 doctissimus
1272 731 1392 769 fuisse
1421 742 1445 769 a
1471 729 1666 768 Lacedae-

157 795 372 832 moniorum
399 795 544 843 populo
573 799 760 842 sanctum,
787 799 831 832 ut
858 806 921 832 res
942 805 1073 832 omnes
1102 805 1238 832 sacrae
1266 795 1442 842 pristinis
1471 804 1668 841 possesso-

157 855 267 894 ribus
296 856 563 895 redderentur.
620 857 731 904 Quod
760 858 860 894 enim
890 857 996 895 aliud
1023 856 1421 895 Lacedaemoniorum
1450 857 1496 895 de
1525 857 1668 905 templo

157 919 306 958 deliaco
335 919 532 958 decretum
565 920 690 958 Deliis
716 920 870 968 dignum
900 920 1022 958 videri
1050 921 1190 968 potuit,
1220 920 1323 968 quod
1349 920 1470 968 lapidi
1498 920 1669 958 inciden-

155 982 246 1021 dum
274 982 483 1021 curarent?
519 984 724 1032 Reliquum
755 987 831 1030 est,
867 987 910 1020 ut
944 995 1020 1031 quo
1054 986 1228 1031 tempore
1264 982 1360 1020 illud
1395 987 1569 1021 sanctum
1605 984 1667 1030 sit,

156 1046 294 1094 paucis
323 1057 531 1094 exponam,
560 1059 644 1086 cum
673 1059 750 1085 non
778 1052 884 1086 recte
913 1047 960 1085 de
988 1048 1061 1085 hac
1088 1059 1130 1085 re
1159 1047 1390 1084 novissimus
1419 1047 1522 1084 tituli
1549 1047 1668 1084 inter-

156 1121 247 1158 pres
283 1109 607 1158 Dittenbergerus
641 1110 861 1159 disputasse
897 1110 1085 1148 videatur.
1153 1110 1297 1148 Statuit
1331 1109 1451 1156 enim,
1487 1113 1526 1147 et
1559 1113 1666 1147 recte

155 1172 322 1220 quidem,
342 1173 575 1211 Homollium
597 1177 767 1220 secutus,
796 1174 899 1210 intra
919 1184 1040 1211 annos
1060 1176 1280 1218 408—398,
1310 1171 1450 1219 quibus
1469 1183 1547 1209 una
1566 1172 1668 1210 Pau-

154 1235 284 1273 sanias
321 1238 360 1273 et
393 1235 488 1283 Agis
523 1235 689 1283 Spartae
723 1237 1000 1282 regnaverunt,
1035 1233 1232 1272 decretum
1278 1246 1363 1273 esse
1398 1235 1561 1281 factum,
1599 1234 1667 1272 sed

156 1300 274 1345 errat,
303 1308 387 1336 cum
414 1297 548 1345 dicit5)
581 1309 724 1346 »usque
754 1297 802 1336 ad
831 1308 971 1335 annum
1000 1301 1074 1335 403
1096 1308 1129 1334 a.
1152 1296 1242 1334 Chr.
1262 1310 1298 1336 n.
1329 1298 1562 1346 ephororum
1590 1298 1666 1335 sin-

154 1363 330 1410 gulorum
359 1364 544 1412 cuiusque
574 1364 664 1402 anni
692 1363 848 1401 nomina
875 1367 1030 1401 exstare
1055 1362 1159 1410 apud
1178 1360 1536 1409 Xenophontem36)
1564 1361 1666 1398 inter

156 1437 253 1474 quos
280 1437 366 1464 cum
393 1438 505 1465 nemo
534 1438 581 1465 ex
608 1426 668 1464 his
697 1427 866 1474 quinque
903 1427 985 1474 (qui
1014 1427 1053 1463 in
1087 1430 1221 1464 nostro
1255 1424 1503 1463 nominantur
1536 1423 1665 1469 titulo)

154 1489 217 1536 sit,
245 1492 394 1528 restare
423 1501 546 1528 annos
575 1494 798 1536 402—398,
835 1501 882 1527 ex
917 1490 1049 1537 eisque
1086 1500 1226 1527 annum
1261 1493 1336 1527 402
1364 1488 1525 1536 reliquis
1554 1498 1666 1535 prae-

153 1549 353 1590 ferendum
398 1563 520 1590 esse«.
574 1552 707 1600 Lapsu
744 1551 910 1600 quodam
943 1553 1150 1590 memoriae
1184 1551 1327 1590 factum
1356 1550 1492 1594 credo,
1529 1554 1573 1587 ut
1607 1550 1665 1587 vir

156 1613 401 1653 doctissimus
419 1614 647 1653 Nauclidem
677 1615 878 1663 ephorum,
907 1627 1020 1663 quem
1040 1615 1257 1654 Pausaniae
1277 1615 1359 1662 regi
1388 1617 1524 1652 contra
1542 1614 1664 1652 Thra-

154 1675 331 1724 sybulum
356 1676 406 1715 ad
430 1677 635 1716 Piraeeum
662 1689 743 1715 rem
763 1678 913 1725 gerenti
942 1678 1204 1716 consiliarium
1226 1677 1399 1716 additum
1427 1687 1511 1714 esse
1535 1676 1665 1714 Xeno-

155 1738 301 1787 phon⁷)
321 1743 458 1778 auctor
478 1744 549 1787 est,
566 1740 727 1788 collegio
748 1741 805 1778 illi
823 1740 1109 1788 adnumeraret,
1130 1740 1233 1789 quod
1253 1744 1458 1778 auctumno
1479 1741 1570 1778 anni
1590 1744 1664 1778 403

153 1803 421 1850 magistratum
458 1803 554 1849 iniit,
590 1814 676 1840 cum
712 1807 817 1840 esset
845 1803 994 1851 collega
1028 1803 1157 1850 Endii,
1187 1815 1300 1851 quem
1329 1808 1480 1841 404—3
1511 1806 1663 1841 constat

154 1865 306 1913 collegii
333 1865 546 1913 principem
566 1864 697 1903 fuisse.
742 1864 836 1903 Cum
866 1866 966 1903 enim
986 1865 1253 1913 Thrasybulus
1283 1865 1344 1903 die
1365 1865 1659 1904 Boedromionis

156 1928 298 1965 mensis
327 1926 594 1974 duodecimoss)
623 1928 715 1965 anni
744 1933 817 1966 403
845 1928 980 1966 urbem
1010 1939 1095 1966 cum
1129 1929 1208 1966 suis
1237 1930 1422 1966 intrasset
1456 1932 1545 1976 post
1581 1928 1664 1966 diu-

155 1993 292 2028 turnas
320 1989 368 2028 de
395 2000 491 2038 pace
518 1988 696 2028 facienda
730 1991 922 2038 actiones,
958 1991 1096 2038 quibus
1131 1991 1218 2038 plus
1255 2002 1368 2039 quam
1404 1990 1480 2028 duo
1510 2002 1661 2029 menses

153 2055 403 2100 consumptos
431 2052 559 2100 credo,
589 2056 628 2090 et
645 2053 862 2092 Pausanias
891 2065 960 2091 rex
988 2065 1064 2092 non
1086 2064 1230 2101 paucos
1260 2053 1343 2091 dies
1364 2054 1569 2092 Piraeeum
1598 2054 1663 2092 ob-

154 2115 333 2162 sedisset,
360 2114 557 2163 profectus
587 2120 645 2154 est
669 2116 732 2154 ille
754 2116 897 2164 Sparta
917 2120 1022 2154 certe
1044 2127 1101 2163 eo,
1131 2117 1197 2164 qui
1216 2116 1332 2154 Endii
1352 2118 1504 2155 nomine
1525 2117 1661 2165 ephori

153 2182 322 2225 notatur,
352 2189 467 2226 anno,
495 2178 672 2227 idemque
705 2180 965 2227 assequimur,
1000 2180 1033 2217 si
1065 2183 1288 2227 reputamus
1318 2184 1406 2228 post
1433 2181 1557 2228 ipsam
1585 2181 1663 2218 vic-

153 2242 293 2280 toriam
319 2252 344 2280 a
369 2241 622 2290 popularibus
652 2241 702 2279 ad
725 2242 973 2290 Munychiam
1001 2247 1154 2290 partam
1183 2247 1331 2290 octavo,
1360 2247 1567 2291 postquam
1596 2245 1662 2281 tri-

155 2305 263 2352 ginta
289 2304 454 2342 Athenis
490 2305 687 2342 constituti
725 2308 834 2342 erant
863 2306 1036 2352 tyranni,
1072 2317 1202 2343 mense
1230 2305 1471 2353 Lysandrum
1508 2307 1556 2344 ab
1594 2307 1662 2345 oli-

155 2367 336 2415 gat-chiae
363 2366 581 2405 fautoribus
605 2369 831 2406 arcessitum
852 2367 1054 2406 confestim
1083 2369 1226 2407 auxilio
1247 2370 1397 2407 venisse
1427 2381 1552 2418 neque
1580 2369 1662 2407 diu-

153 2430 231 2468 tius
266 2434 542 2469 commoratum
577 2430 812 2468 Pausaniam
846 2442 995 2478 regem,
1030 2435 1074 2469 ut
1101 2431 1264 2470 hominis
1299 2432 1373 2470 sibi
1409 2433 1661 2471 inimicissimi

155 2493 318 2532 consilia
344 2493 457 2532 irrita
483 2493 683 2540 redderet,
718 2497 828 2532 tanta
855 2494 1054 2532 celeritate
1082 2495 1157 2533 iter
1185 2494 1341 2541 fecisse,
1380 2499 1423 2533 ut
1450 2495 1555 2532 illum
1585 2507 1660 2533 non

246 2642 277 2683 ⁵)
301 2639 567 2684 Dittenberger‚
593 2639 678 2684 Syll.
704 2639 814 2675 Inscr.
841 2640 968 2676 Graec.
994 2641 1020 2686 1,
1045 2644 1101 2683 50,
1127 2647 1198 2676 not.
1217 2645 1249 2677 2.

246 2698 276 2740 ⁶)
300 2697 391 2732 Xen.
416 2696 555 2732 Hellen.
580 2697 626 2741 H,
651 2699 683 2741 3,
714 2699 769 2740 103
794 2700 826 2741 4,
851 2700 906 2733 36.
1046 2699 1075 2740 7)
1102 2699 1192 2734 Xen.
1219 2699 1312 2734 nell.
1339 2699 1384 2743 11,
1411 2703 1442 2741 4,
1467 2701 1522 2734 36.

247 2754 278 2799 8)
302 2753 485 2790 Plutarch.
511 2753 554 2788 de
581 2754 667 2798 glor.
693 2754 904 2790 Atheniens.
930 2757 961 2791 7.

1342 2814 1386 2849 4!
