1979 3326
770 311 1053 352 ...53-

155 435 254 484 tiqui
284 435 400 483 plane
430 439 585 474 taceant
612 447 736 484 neque
765 436 867 474 tituli
896 437 973 474 sint
1000 437 1163 484 inventi,
1196 449 1267 485 per
1296 449 1392 485 quos
1420 437 1585 475 historia
1612 437 1667 475 in-

154 498 260 536 sulae
298 498 526 536 illustretur.
590 497 934 537 Commemoranda
983 502 1042 537 est
1081 501 1231 537 tantum
1272 502 1430 547 praeter
1471 499 1665 548 Lysandri

152 561 238 599 illas
276 564 356 599 tres
392 573 535 601 corona
563 573 682 601 aurea
711 562 990 610 quinquaginta
1025 562 1189 610 amplius
1226 562 1495 600 drachmarum
1524 562 1664 611 pondo,

153 635 267 672 quam
311 624 454 663 dicavit
499 624 655 663 Pharax
695 624 1042 672 Lacedaemonius,
1089 636 1190 663 anno
1232 625 1412 663 videlicet
1451 626 1537 672 illo,
1589 638 1664 674 quo

151 685 369 725 nauarchus
398 698 484 725 cum
516 687 641 725 classe
670 686 919 734 Dercyllidae
949 686 1121 725 subsidio
1151 691 1209 726 est
1243 688 1452 733 missus.¹0)
1510 689 1594 736 Qua
1622 701 1663 727 re

151 753 316 796 apparet
345 749 688 796 Lacedaemonios,
715 752 807 787 tunc
834 750 1020 797 temporis
1048 750 1164 788 maris
1192 751 1337 799 Aegaei
1365 752 1568 800 imperium
1598 752 1664 791 ob-

149 812 335 860 tinentes,
373 812 463 851 Deli
498 824 651 861 quoque
688 812 920 851 auctoritate
956 813 1070 860 longe
1106 815 1363 852 antecessisse
1390 814 1660 863 Athenienses,

150 886 312 923 quorum
351 876 456 914 nulla
495 887 655 914 munera
689 880 1047 914 commemorantur.
1103 876 1233 916 Nihilo
1263 878 1388 916 minus
1425 879 1566 917 scimus
1596 890 1661 917 eos

149 939 354 986 quotannis
395 939 584 978 theoriam
619 940 768 977 misisse
797 939 937 978 Delum
975 939 1023 978 ad
1058 939 1198 978 festum
1234 941 1427 989 Apollinis
1463 941 1662 980 celebran-

149 1001 252 1050 dum,
266 1002 314 1048 l¹)
354 1001 465 1040 ludos
493 1014 585 1040 vero
621 1003 927 1050 quinquennales
964 1014 1048 1041 esse
1078 1015 1100 1041 a
1133 1003 1254 1041 Deliis
1289 1005 1450 1042 omissos
1480 1015 1563 1041 cum
1592 1016 1663 1052 per

147 1077 189 1104 se
220 1067 344 1115 ipsum
376 1066 425 1104 sit
453 1065 770 1104 verisimillimum
799 1065 847 1103 ob
877 1065 1005 1103 odium
1035 1077 1126 1114 erga
1154 1066 1430 1113 Athenienses,
1468 1071 1549 1105 tum
1578 1068 1660 1105 sine

149 1129 229 1168 ulla
256 1129 498 1168 dubitatione
528 1126 720 1166 affirmare
749 1128 841 1166 licet
875 1139 1105 1166 coronarum
1135 1140 1340 1168 aurearum
1369 1141 1528 1168 numero
1558 1141 1658 1168 com-

146 1195 306 1239 putato:
333 1203 418 1230 cum
440 1191 539 1230 enim
561 1190 788 1229 duodecima
809 1189 867 1228 01.
893 1190 1035 1237 103,12)
1065 1191 1213 1231 decima
1233 1196 1336 1230 certe
1358 1192 1415 1230 Ol.
1441 1198 1509 1231 101
1533 1194 1583 1231 sit
1603 1193 1659 1231 di—

147 1259 248 1303 cata,
279 1259 428 1294 sextam
457 1257 585 1294 autem
605 1264 743 1302 magna
764 1264 847 1291 cum
877 1254 1166 1302 probabilitatis
1196 1256 1324 1303 specie
1353 1256 1402 1294 ad
1424 1255 1481 1293 Ol.
1506 1261 1552 1294 93
1582 1259 1657 1294 ret·

145 1317 364 1366 tulerimus,
400 1330 472 1366 per
500 1321 647 1366 septem
677 1318 925 1366 Olympiades
954 1321 1033 1356 tres
1069 1322 1217 1358 tantum
1246 1330 1413 1358 coronae
1443 1319 1514 1357 deo
1544 1319 1657 1358 Delio

143 1380 297 1419 oblatae
327 1381 518 1419 videntur.

254 1443 366 1491 Quod
385 1447 511 1483 autem
531 1447 619 1492 post
639 1443 1034 1483 Lacedaemoniorum
1053 1445 1102 1484 ad
1119 1444 1282 1483 Cnidum
1302 1444 1450 1484 cladem
1469 1445 1656 1493 urbisque

141 1507 294 1545 moenia
323 1517 347 1545 a
375 1505 532 1545 Conone
560 1506 742 1543 restituta
769 1506 1025 1545 Athenienses
1055 1508 1170 1546 etiam
1200 1508 1389 1547 deliacam
1418 1508 1655 1556 amphictyo-

143 1569 246 1608 niam
282 1569 548 1617 redintegrare
584 1571 700 1617 atque
735 1570 775 1607 in
808 1570 1014 1617 pristinum
1057 1570 1210 1609 modum
1251 1573 1458 1610 restituere
1495 1575 1654 1610 conatos

141 1643 226 1671 esse
259 1636 412 1672 constat
447 1644 532 1671 cum
567 1645 613 1671 ex
652 1632 818 1681 quodam
851 1633 1038 1672 Isocratei
1072 1632 1294 1672 ΙΙλαταικοῦ
1332 1635 1417 1673 loco
1457 1645 1548 1673 sane
1588 1634 1653 1673 ob-

141 1695 320 1744 scura,¹³)
362 1699 442 1734 tum
471 1708 491 1734 e
520 1696 718 1734 titulorum
747 1697 896 1744 aliquot
929 1701 1153 1745 argumento
1184 1702 1242 1744 (ut
1271 1697 1478 1745 Swoboda,
1515 1697 1653 1736 deinde

144 1757 317 1797 Koehler
333 1758 490 1797 uberius
506 1759 749 1808 docuerunt),
765 1759 893 1799 facere
908 1772 983 1799 non
998 1761 1119 1809 potui,
1137 1762 1229 1809 quin
1248 1762 1565 1799 verisimillimum
1585 1773 1652 1809 pu-

139 1824 264 1859 tarem
286 1821 419 1860 eodem
448 1826 621 1871 tempore
649 1824 735 1862 illos
764 1825 896 1872 templi
925 1824 1066 1862 deliaci
1094 1825 1400 1872 amphictyoniae
1430 1826 1582 1863 nomine
1610 1829 1652 1863 ut

139 1886 256 1922 antea
293 1884 666 1924 administrationem
700 1886 825 1924 denuo
856 1886 1071 1925 vindicasse
1107 1891 1224 1935 atque
1252 1888 1364 1925 ludos
1398 1888 1512 1926 etiam
1542 1889 1652 1936 quiu-

140 1947 353 1994 quennales
381 1959 610 1995 renovasse,
640 1948 754 1987 Delia
786 1949 950 1996 pristino
986 1960 1090 1987 more
1126 1950 1354 1997 appellatos.
1414 1951 1536 1998 Quam
1571 1952 1651 1999 opi-

140 2008 291 2046 nionem
322 2009 562 2050 confirmavit
590 2012 779 2059 Koehler,
815 2014 873 2050 vir
902 2012 1167 2061 doctissimus,
1204 2025 1315 2062 quem
1345 2014 1503 2053 honoris
1533 2025 1651 2053 causa

138 2072 311 2120 nomino,
349 2085 497 2113 summa
531 2075 764 2114 liberalitate
799 2077 1078 2115 communicato
1113 2087 1262 2114 mecum
1298 2076 1511 2124 fragmento
1547 2078 1649 2115 tituli

139 2134 302 2173 Athenis
333 2147 356 2175 a
385 2148 425 2175 se
447 2138 591 2176 inventi
612 2150 736 2186 neque
757 2138 882 2177 adhuc
902 2139 1046 2187 publici
1069 2140 1164 2177 iuris
1184 2139 1287 2185 facti,
1318 2141 1384 2179 ubi
1404 2142 1647 2189 perscriptae

137 2201 293 2237 exstant
329 2200 430 2238 sacri
466 2201 608 2239 aerarii
638 2200 777 2240 deliaci
806 2203 977 2240 rationes
1013 2203 1061 2240 ab
1091 2203 1445 2251 amphictyonibus‚
1476 2205 1541 2252 qui
1571 2215 1649 2242 ma-

138 2262 302 2309 gistratu
331 2261 452 2302 functi
480 2268 570 2303 sunt
598 2264 782 2303 archonte
802 2266 1009 2313 Antipatro
1039 2266 1115 2312 (Ol.
1139 2269 1198 2313 97,
1220 2270 1276 2313 4):
1307 2271 1423 2315 atque
1452 2267 1491 2304 hi
1519 2267 1594 2305 iam
1625 2279 1648 2305 a

138 2325 339 2372 superiore
368 2326 542 2375 collegio,
572 2327 675 2376 quod
703 2339 840 2366 munus
870 2328 1108 2368 Demostrati
1137 2341 1236 2368 aimo
1267 2329 1425 2376 (01.97,
1448 2334 1469 2368 3
1500 2344 1541 2358 =
1572 2334 1646 2368 390

137 2398 172 2426 a.
203 2386 292 2426 Chr.
321 2392 376 2435 n.)
411 2389 525 2438 obiit,
560 2391 744 2439 pecunias
779 2392 818 2429 in
854 2402 964 2430 sacro
999 2393 1151 2431 aerario
1187 2393 1335 2441 posit-as
1372 2404 1412 2431 se
1449 2393 1646 2440 accepisse

232 2599 276 2643 ¹0)
302 2599 392 2634 Xen.
419 2599 511 2635 Hell.
538 2600 602 2645 111,
627 2603 658 2647 2,
689 2604 739 2637 12.

228 2656 271 2701 ¹¹)
296 2655 387 2691 Xen.
412 2655 519 2692 Mem.
546 2657 606 2703 IV,
623 2660 656 2703 8,
674 2660 711 2703 2;
737 2658 828 2694 Plat.
854 2658 987 2694 Phaed.
1014 2671 1048 2705 p.
1063 2663 1107 2695 58
1132 2660 1163 2694 b.
1190 2670 1218 2694 c.

227 2713 271 2759 ¹²³)
296 2713 487 2750 Timocrat.
515 2715 611 2751 arch.
644 2720 710 2751 rat.
737 2716 797 2752 lin.
829 2719 975 2753 12—13:
1012 2717 1103 2752 Bull.
1131 2717 1162 2752 d.
1190 2717 1287 2752 Corr.
1315 2717 1406 2751 Hell.
1436 2717 1478 2761 X,
1506 2729 1537 2762 p.
1564 2720 1640 2754 465.

228 2771 271 2816 13)
296 2771 443 2807 Isocrat.
469 2772 566 2818 XIV,
592 2775 645 2808 28.
