<?xml version="1.0" encoding="UTF-8"?>
<!DOCTYPE html PUBLIC "-//W3C//DTD XHTML 1.0 Transitional//EN"
    "http://www.w3.org/TR/xhtml1/DTD/xhtml1-transitional.dtd">
<html xmlns="http://www.w3.org/1999/xhtml" xml:lang="en" lang="en">
 <head>
  <title>
</title>
<meta http-equiv="Content-Type" content="text/html;charset=utf-8" />
  <meta name='ocr-system' content='tesseract 3.04.00' />
  <meta name='ocr-capabilities' content='ocr_page ocr_carea ocr_par ocr_line ocrx_word'/>
</head>
<body>
  <div class='ocr_page' id='page_1' title='image "./dedeliinsulaereb00scho_0038.png"; bbox 0 0 1957 3326; ppageno 0'>
   <div class='ocr_carea' id='block_1_1' title="bbox 907 287 1188 328">
    <p class='ocr_par' dir='ltr' id='par_1_1' title="bbox 907 287 1188 328">
     <span class='ocr_line' id='line_1_1' title="bbox 907 287 1188 328; baseline 0.004 -12"><span class='ocrx_word' id='word_1_1' title='bbox 907 287 1188 328; x_wconf 78' lang='lat'>-26-</span> 
     </span>
    </p>
   </div>
   <div class='ocr_carea' id='block_1_2' title="bbox 298 411 1803 2590">
    <p class='ocr_par' dir='ltr' id='par_1_2' title="bbox 299 411 1800 584">
     <span class='ocr_line' id='line_1_2' title="bbox 303 411 1800 452; baseline 0.001 -3"><span class='ocrx_word' id='word_1_2' title='bbox 303 413 393 450; x_wconf 81' lang='lat' dir='ltr'>anni</span> <span class='ocrx_word' id='word_1_3' title='bbox 430 413 569 450; x_wconf 90' lang='lat' dir='ltr'>scimus</span> <span class='ocrx_word' id='word_1_4' title='bbox 604 412 793 450; x_wconf 89' lang='lat' dir='ltr'>sociorum</span> <span class='ocrx_word' id='word_1_5' title='bbox 828 411 988 449; x_wconf 83' lang='lat' dir='ltr'>classem</span> <span class='ocrx_word' id='word_1_6' title='bbox 1024 411 1170 450; x_wconf 92' lang='lat' dir='ltr'>diutius</span> <span class='ocrx_word' id='word_1_7' title='bbox 1204 412 1253 451; x_wconf 86' lang='lat' dir='ltr'>ad</span> <span class='ocrx_word' id='word_1_8' title='bbox 1280 411 1417 450; x_wconf 89' lang='lat' dir='ltr'>Delum</span> <span class='ocrx_word' id='word_1_9' title='bbox 1445 412 1608 451; x_wconf 87' lang='lat' dir='ltr'>insulam</span> <span class='ocrx_word' id='word_1_10' title='bbox 1636 423 1800 452; x_wconf 90' lang='lat' dir='ltr'>commo·</span> 
     </span>
     <span class='ocr_line' id='line_1_3' title="bbox 299 473 1800 522; baseline 0.001 -10"><span class='ocrx_word' id='word_1_11' title='bbox 299 478 420 512; x_wconf 86' lang='lat' dir='ltr'>ratam</span> <span class='ocrx_word' id='word_1_12' title='bbox 450 478 488 511; x_wconf 89' lang='lat' dir='ltr'>et</span> <span class='ocrx_word' id='word_1_13' title='bbox 515 473 602 511; x_wconf 90' lang='lat' dir='ltr'>inde</span> <span class='ocrx_word' id='word_1_14' title='bbox 631 473 779 521; x_wconf 83' lang='lat' dir='ltr'>aliquot</span> <span class='ocrx_word' id='word_1_15' title='bbox 805 477 894 521; x_wconf 85' lang='lat' dir='ltr'>post</span> <span class='ocrx_word' id='word_1_16' title='bbox 922 473 1116 511; x_wconf 88' lang='lat' dir='ltr'>mensibus</span> <span class='ocrx_word' id='word_1_17' title='bbox 1144 473 1357 522; x_wconf 87' lang='lat' dir='ltr'>profectam</span> <span class='ocrx_word' id='word_1_18' title='bbox 1385 474 1434 512; x_wconf 88' lang='lat' dir='ltr'>ad</span> <span class='ocrx_word' id='word_1_19' title='bbox 1460 474 1606 513; x_wconf 89' lang='lat' dir='ltr'>Ioniam</span> <span class='ocrx_word' id='word_1_20' title='bbox 1633 474 1800 514; x_wconf 82' lang='lat' dir='ltr'>liberan-</span> 
     </span>
     <span class='ocr_line' id='line_1_4' title="bbox 300 535 834 584; baseline -0.006 -10"><span class='ocrx_word' id='word_1_21' title='bbox 300 536 399 583; x_wconf 88' lang='lat' dir='ltr'>dam,</span> <span class='ocrx_word' id='word_1_22' title='bbox 428 536 662 584; x_wconf 75' lang='lat' dir='ltr'>Leotychide</span> <span class='ocrx_word' id='word_1_23' title='bbox 691 535 834 580; x_wconf 86' lang='lat' dir='ltr'>duce.⁷)</span> 
     </span>
    </p>

    <p class='ocr_par' dir='ltr' id='par_1_3' title="bbox 298 597 1803 2590">
     <span class='ocr_line' id='line_1_5' title="bbox 403 597 1802 648; baseline 0.001 -12"><span class='ocrx_word' id='word_1_24' title='bbox 403 599 612 646; x_wconf 88' lang='lat' dir='ltr'>Postquam</span> <span class='ocrx_word' id='word_1_25' title='bbox 648 597 1039 636; x_wconf 85' lang='lat' dir='ltr'>Lacedaemoniorum</span> <span class='ocrx_word' id='word_1_26' title='bbox 1076 597 1253 636; x_wconf 89' lang='lat' dir='ltr'>socordia</span> <span class='ocrx_word' id='word_1_27' title='bbox 1280 598 1574 647; x_wconf 87' lang='lat' dir='ltr'>Pausaniaeqne</span> <span class='ocrx_word' id='word_1_28' title='bbox 1607 600 1710 648; x_wconf 81' lang='lat' dir='ltr'>regis</span> <span class='ocrx_word' id='word_1_29' title='bbox 1738 611 1802 638; x_wconf 90' lang='lat' dir='ltr'>su-</span> 
     </span>
     <span class='ocr_line' id='line_1_6' title="bbox 300 660 1798 710; baseline 0.001 -10"><span class='ocrx_word' id='word_1_30' title='bbox 300 661 437 710; x_wconf 88' lang='lat' dir='ltr'>perbia</span> <span class='ocrx_word' id='word_1_31' title='bbox 465 661 638 700; x_wconf 85' lang='lat' dir='ltr'>effectum</span> <span class='ocrx_word' id='word_1_32' title='bbox 668 665 738 707; x_wconf 92' lang='lat' dir='ltr'>est,</span> <span class='ocrx_word' id='word_1_33' title='bbox 766 664 809 698; x_wconf 90' lang='lat' dir='ltr'>ut</span> <span class='ocrx_word' id='word_1_34' title='bbox 836 671 859 698; x_wconf 88' lang='lat' dir='ltr'>a</span> <span class='ocrx_word' id='word_1_35' title='bbox 888 660 1001 698; x_wconf 90' lang='lat' dir='ltr'>sociis</span> <span class='ocrx_word' id='word_1_36' title='bbox 1022 671 1167 698; x_wconf 83' lang='lat' dir='ltr'>summa</span> <span class='ocrx_word' id='word_1_37' title='bbox 1186 660 1277 698; x_wconf 92' lang='lat' dir='ltr'>belli</span> <span class='ocrx_word' id='word_1_38' title='bbox 1296 660 1454 708; x_wconf 87' lang='lat' dir='ltr'>gerendi</span> <span class='ocrx_word' id='word_1_39' title='bbox 1473 661 1522 700; x_wconf 90' lang='lat' dir='ltr'>ad</span> <span class='ocrx_word' id='word_1_40' title='bbox 1541 661 1798 701; x_wconf 86' lang='lat' dir='ltr'>Athenienses</span> 
     </span>
     <span class='ocr_line' id='line_1_7' title="bbox 301 722 1803 772; baseline 0.001 -10"><span class='ocrx_word' id='word_1_41' title='bbox 301 723 530 770; x_wconf 82' lang='lat' dir='ltr'>deferretur,</span> <span class='ocrx_word' id='word_1_42' title='bbox 559 722 742 761; x_wconf 85' lang='lat' dir='ltr'><strong>Aristidis</strong></span> <span class='ocrx_word' id='word_1_43' title='bbox 770 723 1010 770; x_wconf 83' lang='lat' dir='ltr'>potissimum</span> <span class='ocrx_word' id='word_1_44' title='bbox 1040 723 1230 770; x_wconf 83' lang='lat' dir='ltr'>sapientia</span> <span class='ocrx_word' id='word_1_45' title='bbox 1257 726 1296 760; x_wconf 91' lang='lat' dir='ltr'>et</span> <span class='ocrx_word' id='word_1_46' title='bbox 1323 723 1585 763; x_wconf 85' lang='lat' dir='ltr'>moderatione</span> <span class='ocrx_word' id='word_1_47' title='bbox 1613 735 1726 772; x_wconf 85' lang='lat' dir='ltr'>anne,</span> <span class='ocrx_word' id='word_1_48' title='bbox 1758 728 1803 763; x_wconf 93' lang='lat' dir='ltr'>ut</span> 
     </span>
     <span class='ocr_line' id='line_1_8' title="bbox 299 786 1800 835; baseline 0 -10"><span class='ocrx_word' id='word_1_49' title='bbox 299 788 410 835; x_wconf 83' lang='lat' dir='ltr'>vulgo</span> <span class='ocrx_word' id='word_1_50' title='bbox 447 791 623 835; x_wconf 86' lang='lat' dir='ltr'>putatur,</span> <span class='ocrx_word' id='word_1_51' title='bbox 672 790 745 824; x_wconf 82' lang='lat'>476</span> <span class='ocrx_word' id='word_1_52' title='bbox 788 786 1000 823; x_wconf 89' lang='lat' dir='ltr'>constituta</span> <span class='ocrx_word' id='word_1_53' title='bbox 1041 790 1099 823; x_wconf 91' lang='lat' dir='ltr'>est</span> <span class='ocrx_word' id='word_1_54' title='bbox 1139 786 1282 833; x_wconf 84' lang='lat' dir='ltr'>Aegaei</span> <span class='ocrx_word' id='word_1_55' title='bbox 1324 787 1441 824; x_wconf 86' lang='lat' dir='ltr'>maris</span> <span class='ocrx_word' id='word_1_56' title='bbox 1482 787 1699 825; x_wconf 88' lang='lat' dir='ltr'>accolarum</span> <span class='ocrx_word' id='word_1_57' title='bbox 1740 798 1800 826; x_wconf 91' lang='lat' dir='ltr'>so-</span> 
     </span>
     <span class='ocr_line' id='line_1_9' title="bbox 299 848 1800 898; baseline 0.001 -11"><span class='ocrx_word' id='word_1_58' title='bbox 299 851 431 897; x_wconf 89' lang='lat' dir='ltr'>cietas,</span> <span class='ocrx_word' id='word_1_59' title='bbox 461 861 574 898; x_wconf 88' lang='lat' dir='ltr'>quam</span> <span class='ocrx_word' id='word_1_60' title='bbox 603 850 766 898; x_wconf 89' lang='lat' dir='ltr'>primum</span> <span class='ocrx_word' id='word_1_61' title='bbox 795 848 1085 886; x_wconf 86' lang='lat' dir='ltr'>Atheniensium</span> <span class='ocrx_word' id='word_1_62' title='bbox 1114 848 1315 895; x_wconf 89' lang='lat' dir='ltr'>imperium</span> <span class='ocrx_word' id='word_1_63' title='bbox 1343 849 1574 887; x_wconf 87' lang='lat' dir='ltr'>maritimum</span> <span class='ocrx_word' id='word_1_64' title='bbox 1601 849 1800 897; x_wconf 87' lang='lat' dir='ltr'>appellare</span> 
     </span>
     <span class='ocr_line' id='line_1_10' title="bbox 298 910 1799 960; baseline -0.001 -9"><span class='ocrx_word' id='word_1_65' title='bbox 298 914 563 951; x_wconf 86' lang='lat' dir='ltr'>consuevimus</span> <span class='ocrx_word' id='word_1_66' title='bbox 599 912 657 950; x_wconf 90' lang='lat' dir='ltr'>vel</span> <span class='ocrx_word' id='word_1_67' title='bbox 693 913 914 950; x_wconf 87' lang='lat' dir='ltr'>societatem</span> <span class='ocrx_word' id='word_1_68' title='bbox 950 910 1302 949; x_wconf 85' lang='lat' dir='ltr'>attico-deliacam.</span> <span class='ocrx_word' id='word_1_69' title='bbox 1357 911 1441 958; x_wconf 85' lang='lat' dir='ltr'>Quo</span> <span class='ocrx_word' id='word_1_70' title='bbox 1468 915 1642 959; x_wconf 90' lang='lat' dir='ltr'>tempore</span> <span class='ocrx_word' id='word_1_71' title='bbox 1670 912 1799 960; x_wconf 80' lang='lat' dir='ltr'>cogni-</span> 
     </span>
     <span class='ocr_line' id='line_1_11' title="bbox 299 973 1799 1023; baseline 0 -11"><span class='ocrx_word' id='word_1_72' title='bbox 299 979 378 1013; x_wconf 93' lang='lat' dir='ltr'>tum</span> <span class='ocrx_word' id='word_1_73' title='bbox 407 988 426 1014; x_wconf 94' lang='lat' dir='ltr'>e</span> <span class='ocrx_word' id='word_1_74' title='bbox 455 974 678 1023; x_wconf 69' lang='lat' dir='ltr'>Thucydide</span> <span class='ocrx_word' id='word_1_75' title='bbox 706 974 890 1012; x_wconf 88' lang='lat' dir='ltr'>habemus</span> <span class='ocrx_word' id='word_1_76' title='bbox 902 974 933 1019; x_wconf 77' lang='grc'>8)</span> <span class='ocrx_word' id='word_1_77' title='bbox 969 984 1053 1011; x_wconf 92' lang='lat' dir='ltr'>esse</span> <span class='ocrx_word' id='word_1_78' title='bbox 1081 973 1218 1011; x_wconf 87' lang='lat' dir='ltr'>Delum</span> <span class='ocrx_word' id='word_1_79' title='bbox 1248 974 1422 1020; x_wconf 86' lang='lat' dir='ltr'>electam,</span> <span class='ocrx_word' id='word_1_80' title='bbox 1450 973 1517 1011; x_wconf 92' lang='lat' dir='ltr'>ubi</span> <span class='ocrx_word' id='word_1_81' title='bbox 1545 977 1584 1012; x_wconf 89' lang='lat' dir='ltr'>et</span> <span class='ocrx_word' id='word_1_82' title='bbox 1610 974 1799 1012; x_wconf 85' lang='lat' dir='ltr'>sociorum</span> 
     </span>
     <span class='ocr_line' id='line_1_12' title="bbox 298 1035 1801 1086; baseline 0.001 -12"><span class='ocrx_word' id='word_1_83' title='bbox 298 1037 414 1086; x_wconf 85' lang='lat' dir='ltr'>legati</span> <span class='ocrx_word' id='word_1_84' title='bbox 455 1037 504 1076; x_wconf 86' lang='lat' dir='ltr'>ad</span> <span class='ocrx_word' id='word_1_85' title='bbox 545 1049 762 1076; x_wconf 90' lang='lat' dir='ltr'>communes</span> <span class='ocrx_word' id='word_1_86' title='bbox 803 1049 865 1075; x_wconf 92' lang='lat' dir='ltr'>res</span> <span class='ocrx_word' id='word_1_87' title='bbox 907 1036 1178 1075; x_wconf 89' lang='lat' dir='ltr'>deliberandas</span> <span class='ocrx_word' id='word_1_88' title='bbox 1214 1037 1464 1075; x_wconf 90' lang='lat' dir='ltr'>convenirent</span> <span class='ocrx_word' id='word_1_89' title='bbox 1497 1040 1536 1075; x_wconf 89' lang='lat' dir='ltr'>et</span> <span class='ocrx_word' id='word_1_90' title='bbox 1569 1035 1716 1075; x_wconf 87' lang='lat' dir='ltr'>tributa</span> <span class='ocrx_word' id='word_1_91' title='bbox 1751 1035 1801 1075; x_wconf 87' lang='lat' dir='ltr'>ad</span> 
     </span>
     <span class='ocr_line' id='line_1_13' title="bbox 298 1097 1799 1147; baseline -0.001 -9"><span class='ocrx_word' id='word_1_92' title='bbox 298 1101 440 1139; x_wconf 90' lang='lat' dir='ltr'>bellum</span> <span class='ocrx_word' id='word_1_93' title='bbox 476 1111 560 1138; x_wconf 92' lang='lat' dir='ltr'>cum</span> <span class='ocrx_word' id='word_1_94' title='bbox 595 1099 726 1137; x_wconf 86' lang='lat' dir='ltr'>Persis</span> <span class='ocrx_word' id='word_1_95' title='bbox 761 1098 969 1147; x_wconf 87' lang='lat' dir='ltr'>gerendum</span> <span class='ocrx_word' id='word_1_96' title='bbox 1004 1097 1271 1136; x_wconf 90' lang='lat' dir='ltr'>conferrentur</span> <span class='ocrx_word' id='word_1_97' title='bbox 1304 1102 1420 1147; x_wconf 88' lang='lat' dir='ltr'>atque</span> <span class='ocrx_word' id='word_1_98' title='bbox 1455 1109 1479 1136; x_wconf 87' lang='lat' dir='ltr'>a</span> <span class='ocrx_word' id='word_1_99' title='bbox 1510 1098 1799 1147; x_wconf 83' lang='lat' dir='ltr'>magistratibus</span> 
     </span>
     <span class='ocr_line' id='line_1_14' title="bbox 301 1160 1800 1212; baseline 0 -12"><span class='ocrx_word' id='word_1_100' title='bbox 301 1163 441 1210; x_wconf 88' lang='lat' dir='ltr'>atticis,</span> <span class='ocrx_word' id='word_1_101' title='bbox 471 1162 610 1211; x_wconf 90' lang='lat' dir='ltr'>quibus</span> <span class='ocrx_word' id='word_1_102' title='bbox 632 1160 932 1212; x_wconf 70' lang='grc' dir='ltr'><em>Ἑλληνοταμιῶν</em></span> <span class='ocrx_word' id='word_1_103' title='bbox 961 1161 1169 1209; x_wconf 90' lang='lat' dir='ltr'>superbum</span> <span class='ocrx_word' id='word_1_104' title='bbox 1196 1172 1335 1199; x_wconf 91' lang='lat' dir='ltr'>nomen</span> <span class='ocrx_word' id='word_1_105' title='bbox 1354 1161 1529 1209; x_wconf 90' lang='lat' dir='ltr'>inditum,</span> <span class='ocrx_word' id='word_1_106' title='bbox 1557 1160 1800 1200; x_wconf 85' lang='lat' dir='ltr'>administra.-</span> 
     </span>
     <span class='ocr_line' id='line_1_15' title="bbox 299 1223 1800 1274; baseline -0.002 -9"><span class='ocrx_word' id='word_1_107' title='bbox 299 1231 433 1265; x_wconf 89' lang='lat' dir='ltr'>rentur</span> <span class='ocrx_word' id='word_1_108' title='bbox 477 1227 516 1264; x_wconf 94' lang='lat' dir='ltr'>in</span> <span class='ocrx_word' id='word_1_109' title='bbox 556 1224 748 1274; x_wconf 90' lang='lat' dir='ltr'>Apollinis</span> <span class='ocrx_word' id='word_1_110' title='bbox 791 1225 944 1273; x_wconf 89' lang='lat' dir='ltr'>templo.</span> <span class='ocrx_word' id='word_1_111' title='bbox 1009 1223 1116 1262; x_wconf 91' lang='lat' dir='ltr'>Sitne</span> <span class='ocrx_word' id='word_1_112' title='bbox 1158 1223 1231 1263; x_wconf 89' lang='lat' dir='ltr'>hoc</span> <span class='ocrx_word' id='word_1_113' title='bbox 1271 1227 1444 1272; x_wconf 89' lang='lat' dir='ltr'>tempore</span> <span class='ocrx_word' id='word_1_114' title='bbox 1484 1223 1556 1263; x_wconf 91' lang='lat' dir='ltr'>deo</span> <span class='ocrx_word' id='word_1_115' title='bbox 1596 1235 1800 1273; x_wconf 88' lang='lat' dir='ltr'>perpensa,</span> 
     </span>
     <span class='ocr_line' id='line_1_16' title="bbox 300 1286 1799 1338; baseline -0.001 -11"><span class='ocrx_word' id='word_1_116' title='bbox 300 1301 397 1338; x_wconf 90' lang='lat' dir='ltr'>quae</span> <span class='ocrx_word' id='word_1_117' title='bbox 432 1293 568 1337; x_wconf 88' lang='lat' dir='ltr'>postea</span> <span class='ocrx_word' id='word_1_118' title='bbox 595 1289 814 1335; x_wconf 86' lang='lat' dir='ltr'>Minervae,</span> <span class='ocrx_word' id='word_1_119' title='bbox 853 1289 1091 1336; x_wconf 86' lang='lat' dir='ltr'>sexagesima</span> <span class='ocrx_word' id='word_1_120' title='bbox 1125 1287 1376 1335; x_wconf 90' lang='lat' dir='ltr'>tributorum,</span> <span class='ocrx_word' id='word_1_121' title='bbox 1411 1298 1487 1326; x_wconf 91' lang='lat' dir='ltr'>non</span> <span class='ocrx_word' id='word_1_122' title='bbox 1514 1286 1611 1325; x_wconf 90' lang='lat' dir='ltr'>illud</span> <span class='ocrx_word' id='word_1_123' title='bbox 1643 1286 1799 1336; x_wconf 89' lang='lat' dir='ltr'>quidem</span> 
     </span>
     <span class='ocr_line' id='line_1_17' title="bbox 300 1349 1800 1399; baseline -0.001 -9"><span class='ocrx_word' id='word_1_124' title='bbox 300 1357 358 1390; x_wconf 91' lang='lat' dir='ltr'>est</span> <span class='ocrx_word' id='word_1_125' title='bbox 394 1353 599 1390; x_wconf 91' lang='lat' dir='ltr'>memoriae</span> <span class='ocrx_word' id='word_1_126' title='bbox 633 1351 834 1398; x_wconf 89' lang='lat' dir='ltr'>traditum,</span> <span class='ocrx_word' id='word_1_127' title='bbox 872 1351 983 1389; x_wconf 90' lang='lat' dir='ltr'>valde</span> <span class='ocrx_word' id='word_1_128' title='bbox 1017 1355 1145 1389; x_wconf 88' lang='lat' dir='ltr'>tamen</span> <span class='ocrx_word' id='word_1_129' title='bbox 1172 1350 1392 1398; x_wconf 86' lang='lat' dir='ltr'>probabile,</span> <span class='ocrx_word' id='word_1_130' title='bbox 1428 1362 1544 1399; x_wconf 90' lang='lat' dir='ltr'>quum</span> <span class='ocrx_word' id='word_1_131' title='bbox 1571 1349 1667 1388; x_wconf 90' lang='lat' dir='ltr'>nihil</span> <span class='ocrx_word' id='word_1_132' title='bbox 1694 1349 1800 1388; x_wconf 85' lang='lat' dir='ltr'>aliud</span> 
     </span>
     <span class='ocr_line' id='line_1_18' title="bbox 301 1412 1800 1462; baseline -0.001 -10"><span class='ocrx_word' id='word_1_133' title='bbox 301 1414 415 1452; x_wconf 86' lang='lat' dir='ltr'>fuerit</span> <span class='ocrx_word' id='word_1_134' title='bbox 442 1416 514 1453; x_wconf 90' lang='lat' dir='ltr'>nisi</span> <span class='ocrx_word' id='word_1_135' title='bbox 550 1415 750 1453; x_wconf 89' lang='lat' dir='ltr'>locationis</span> <span class='ocrx_word' id='word_1_136' title='bbox 786 1415 974 1462; x_wconf 86' lang='lat' dir='ltr'>pretium,</span> <span class='ocrx_word' id='word_1_137' title='bbox 1010 1413 1082 1451; x_wconf 92' lang='lat' dir='ltr'>deo</span> <span class='ocrx_word' id='word_1_138' title='bbox 1117 1413 1355 1461; x_wconf 88' lang='lat' dir='ltr'>persolutum</span> <span class='ocrx_word' id='word_1_139' title='bbox 1392 1425 1462 1462; x_wconf 90' lang='lat' dir='ltr'>pro</span> <span class='ocrx_word' id='word_1_140' title='bbox 1497 1413 1581 1452; x_wconf 90' lang='lat' dir='ltr'>loco</span> <span class='ocrx_word' id='word_1_141' title='bbox 1609 1412 1658 1451; x_wconf 85' lang='lat' dir='ltr'>ad</span> <span class='ocrx_word' id='word_1_142' title='bbox 1685 1423 1800 1461; x_wconf 89' lang='lat' dir='ltr'>pecu-</span> 
     </span>
     <span class='ocr_line' id='line_1_19' title="bbox 300 1475 1799 1524; baseline -0.001 -9"><span class='ocrx_word' id='word_1_143' title='bbox 300 1479 400 1516; x_wconf 90' lang='lat' dir='ltr'>niam</span> <span class='ocrx_word' id='word_1_144' title='bbox 438 1477 664 1515; x_wconf 80' lang='lat' dir='ltr'>servandam</span> <span class='ocrx_word' id='word_1_145' title='bbox 698 1478 737 1514; x_wconf 92' lang='lat' dir='ltr'>in</span> <span class='ocrx_word' id='word_1_146' title='bbox 775 1478 856 1515; x_wconf 90' lang='lat' dir='ltr'>eius</span> <span class='ocrx_word' id='word_1_147' title='bbox 889 1477 1031 1524; x_wconf 87' lang='lat' dir='ltr'>templo</span> <span class='ocrx_word' id='word_1_148' title='bbox 1067 1480 1266 1524; x_wconf 90' lang='lat' dir='ltr'>occupato.</span> <span class='ocrx_word' id='word_1_149' title='bbox 1321 1475 1408 1514; x_wconf 90' lang='lat' dir='ltr'>Deli</span> <span class='ocrx_word' id='word_1_150' title='bbox 1444 1475 1641 1524; x_wconf 84' lang='lat' dir='ltr'>eligendae</span> <span class='ocrx_word' id='word_1_151' title='bbox 1669 1486 1799 1521; x_wconf 83' lang='lat' dir='ltr'>causa,</span> 
     </span>
     <span class='ocr_line' id='line_1_20' title="bbox 298 1539 1800 1587; baseline -0.001 -10"><span class='ocrx_word' id='word_1_152' title='bbox 298 1544 340 1577; x_wconf 89' lang='lat' dir='ltr'>ut</span> <span class='ocrx_word' id='word_1_153' title='bbox 374 1541 447 1578; x_wconf 88' lang='lat' dir='ltr'>iam</span> <span class='ocrx_word' id='word_1_154' title='bbox 477 1541 543 1578; x_wconf 87' lang='lat' dir='ltr'>alii</span> <span class='ocrx_word' id='word_1_155' title='bbox 571 1539 767 1586; x_wconf 79' lang='lat' dir='ltr'>viderunt,</span> <span class='ocrx_word' id='word_1_156' title='bbox 802 1539 874 1577; x_wconf 89' lang='lat' dir='ltr'>fuit</span> <span class='ocrx_word' id='word_1_157' title='bbox 902 1550 985 1577; x_wconf 92' lang='lat' dir='ltr'>cum</span> <span class='ocrx_word' id='word_1_158' title='bbox 1014 1539 1163 1577; x_wconf 89' lang='lat' dir='ltr'>insulae</span> <span class='ocrx_word' id='word_1_159' title='bbox 1192 1539 1400 1586; x_wconf 85' lang='lat' dir='ltr'>exiguitas,</span> <span class='ocrx_word' id='word_1_160' title='bbox 1437 1550 1535 1587; x_wconf 89' lang='lat' dir='ltr'>quae</span> <span class='ocrx_word' id='word_1_161' title='bbox 1564 1539 1678 1577; x_wconf 85' lang='lat' dir='ltr'>sociis</span> <span class='ocrx_word' id='word_1_162' title='bbox 1705 1539 1800 1576; x_wconf 90' lang='lat' dir='ltr'>invi-</span> 
     </span>
     <span class='ocr_line' id='line_1_21' title="bbox 299 1600 1800 1650; baseline -0.001 -11"><span class='ocrx_word' id='word_1_163' title='bbox 299 1602 384 1641; x_wconf 88' lang='lat' dir='ltr'>diae</span> <span class='ocrx_word' id='word_1_164' title='bbox 427 1614 511 1641; x_wconf 88' lang='lat' dir='ltr'>esse</span> <span class='ocrx_word' id='word_1_165' title='bbox 554 1614 628 1640; x_wconf 92' lang='lat' dir='ltr'>non</span> <span class='ocrx_word' id='word_1_166' title='bbox 665 1606 815 1650; x_wconf 88' lang='lat' dir='ltr'>posset,</span> <span class='ocrx_word' id='word_1_167' title='bbox 856 1607 935 1640; x_wconf 89' lang='lat' dir='ltr'>tum</span> <span class='ocrx_word' id='word_1_168' title='bbox 971 1601 1290 1650; x_wconf 87' lang='lat' dir='ltr'>Amphictyoniae</span> <span class='ocrx_word' id='word_1_169' title='bbox 1325 1602 1538 1650; x_wconf 87' lang='lat' dir='ltr'>antiquitus</span> <span class='ocrx_word' id='word_1_170' title='bbox 1571 1600 1626 1639; x_wconf 92' lang='lat' dir='ltr'>ibi</span> <span class='ocrx_word' id='word_1_171' title='bbox 1660 1601 1800 1639; x_wconf 90' lang='lat' dir='ltr'>consti-</span> 
     </span>
     <span class='ocr_line' id='line_1_22' title="bbox 299 1663 1800 1712; baseline -0.001 -9"><span class='ocrx_word' id='word_1_172' title='bbox 299 1669 405 1703; x_wconf 84' lang='lat' dir='ltr'>tutae</span> <span class='ocrx_word' id='word_1_173' title='bbox 442 1666 641 1711; x_wconf 85' lang='lat' dir='ltr'>memoria,</span> <span class='ocrx_word' id='word_1_174' title='bbox 679 1676 776 1712; x_wconf 89' lang='lat' dir='ltr'>quae</span> <span class='ocrx_word' id='word_1_175' title='bbox 813 1668 904 1702; x_wconf 89' lang='lat' dir='ltr'>tunc</span> <span class='ocrx_word' id='word_1_176' title='bbox 939 1663 1107 1710; x_wconf 89' lang='lat' dir='ltr'>demum,</span> <span class='ocrx_word' id='word_1_177' title='bbox 1142 1668 1330 1712; x_wconf 88' lang='lat' dir='ltr'>utsupra</span> <span class='ocrx_word' id='word_1_178' title='bbox 1357 1663 1453 1710; x_wconf 87' lang='lat' dir='ltr'>dixi,</span> <span class='ocrx_word' id='word_1_179' title='bbox 1488 1674 1559 1711; x_wconf 90' lang='lat' dir='ltr'>pro</span> <span class='ocrx_word' id='word_1_180' title='bbox 1587 1663 1800 1702; x_wconf 82' lang='lat' dir='ltr'>Panionica</span> 
     </span>
     <span class='ocr_line' id='line_1_23' title="bbox 302 1725 1799 1774; baseline -0.001 -9"><span class='ocrx_word' id='word_1_181' title='bbox 302 1731 359 1765; x_wconf 90' lang='lat' dir='ltr'>est</span> <span class='ocrx_word' id='word_1_182' title='bbox 389 1727 530 1765; x_wconf 86' lang='lat' dir='ltr'>habita.</span> <span class='ocrx_word' id='word_1_183' title='bbox 585 1727 726 1765; x_wconf 89' lang='lat' dir='ltr'>Nescio</span> <span class='ocrx_word' id='word_1_184' title='bbox 755 1738 803 1764; x_wconf 86' lang='lat' dir='ltr'>an</span> <span class='ocrx_word' id='word_1_185' title='bbox 832 1726 904 1764; x_wconf 93' lang='lat' dir='ltr'>hoc</span> <span class='ocrx_word' id='word_1_186' title='bbox 931 1727 1188 1764; x_wconf 77' lang='lat' dir='ltr'>venerationis</span> <span class='ocrx_word' id='word_1_187' title='bbox 1224 1727 1332 1774; x_wconf 87' lang='lat' dir='ltr'>signo</span> <span class='ocrx_word' id='word_1_188' title='bbox 1361 1737 1452 1774; x_wconf 86' lang='lat' dir='ltr'>erga</span> <span class='ocrx_word' id='word_1_189' title='bbox 1478 1725 1696 1774; x_wconf 88' lang='lat' dir='ltr'>Apollinem</span> <span class='ocrx_word' id='word_1_190' title='bbox 1723 1736 1799 1764; x_wconf 91' lang='lat' dir='ltr'>non</span> 
     </span>
     <span class='ocr_line' id='line_1_24' title="bbox 299 1788 1795 1839; baseline -0.001 -11"><span class='ocrx_word' id='word_1_191' title='bbox 299 1801 530 1839; x_wconf 84' lang='lat' dir='ltr'>magnopere</span> <span class='ocrx_word' id='word_1_192' title='bbox 560 1791 636 1827; x_wconf 92' lang='lat' dir='ltr'>sint</span> <span class='ocrx_word' id='word_1_193' title='bbox 663 1790 784 1837; x_wconf 82' lang='lat' dir='ltr'>gavisi</span> <span class='ocrx_word' id='word_1_194' title='bbox 813 1789 933 1836; x_wconf 90' lang='lat' dir='ltr'>Delii,</span> <span class='ocrx_word' id='word_1_195' title='bbox 969 1790 1160 1837; x_wconf 84' lang='lat' dir='ltr'>quamvis,</span> <span class='ocrx_word' id='word_1_196' title='bbox 1189 1789 1238 1827; x_wconf 89' lang='lat' dir='ltr'>ob</span> <span class='ocrx_word' id='word_1_197' title='bbox 1267 1789 1414 1827; x_wconf 89' lang='lat' dir='ltr'>insulae</span> <span class='ocrx_word' id='word_1_198' title='bbox 1443 1788 1624 1827; x_wconf 85' lang='lat' dir='ltr'>videlicet</span> <span class='ocrx_word' id='word_1_199' title='bbox 1651 1789 1795 1827; x_wconf 78' lang='lat' dir='ltr'>sancti-</span> 
     </span>
     <span class='ocr_line' id='line_1_25' title="bbox 299 1851 1799 1900; baseline -0.001 -9"><span class='ocrx_word' id='word_1_200' title='bbox 299 1858 435 1897; x_wconf 83' lang='lat' dir='ltr'>tatem,</span> <span class='ocrx_word' id='word_1_201' title='bbox 471 1853 702 1891; x_wconf 89' lang='lat' dir='ltr'>tributorum</span> <span class='ocrx_word' id='word_1_202' title='bbox 735 1853 900 1890; x_wconf 90' lang='lat' dir='ltr'>omnium</span> <span class='ocrx_word' id='word_1_203' title='bbox 930 1853 1115 1890; x_wconf 88' lang='lat' dir='ltr'>immunes</span> <span class='ocrx_word' id='word_1_204' title='bbox 1145 1855 1290 1890; x_wconf 87' lang='lat' dir='ltr'>essent:</span> <span class='ocrx_word' id='word_1_205' title='bbox 1333 1851 1435 1900; x_wconf 92' lang='lat' dir='ltr'>quod</span> <span class='ocrx_word' id='word_1_206' title='bbox 1464 1861 1695 1900; x_wconf 87' lang='lat' dir='ltr'>quamquam</span> <span class='ocrx_word' id='word_1_207' title='bbox 1722 1862 1799 1889; x_wconf 90' lang='lat' dir='ltr'>non</span> 
     </span>
     <span class='ocr_line' id='line_1_26' title="bbox 298 1913 1799 1965; baseline -0.002 -10"><span class='ocrx_word' id='word_1_208' title='bbox 298 1928 322 1955; x_wconf 87' lang='lat' dir='ltr'>a</span> <span class='ocrx_word' id='word_1_209' title='bbox 351 1916 604 1965; x_wconf 88' lang='lat' dir='ltr'>scriptoribus</span> <span class='ocrx_word' id='word_1_210' title='bbox 639 1915 821 1954; x_wconf 84' lang='lat' dir='ltr'>traditum</span> <span class='ocrx_word' id='word_1_211' title='bbox 858 1920 935 1960; x_wconf 86' lang='lat' dir='ltr'>est,</span> <span class='ocrx_word' id='word_1_212' title='bbox 979 1920 1106 1953; x_wconf 88' lang='lat' dir='ltr'>tamen</span> <span class='ocrx_word' id='word_1_213' title='bbox 1141 1915 1372 1953; x_wconf 87' lang='lat' dir='ltr'>tributorum</span> <span class='ocrx_word' id='word_1_214' title='bbox 1411 1914 1608 1953; x_wconf 87' lang='lat' dir='ltr'>laterculis</span> <span class='ocrx_word' id='word_1_215' title='bbox 1644 1913 1799 1953; x_wconf 91' lang='lat' dir='ltr'>demon-</span> 
     </span>
     <span class='ocr_line' id='line_1_27' title="bbox 299 1977 1798 2026; baseline -0.001 -10"><span class='ocrx_word' id='word_1_216' title='bbox 299 1984 461 2024; x_wconf 87' lang='lat' dir='ltr'>stratur;</span> <span class='ocrx_word' id='word_1_217' title='bbox 490 1990 576 2016; x_wconf 82' lang='lat' dir='ltr'>nam</span> <span class='ocrx_word' id='word_1_218' title='bbox 606 1989 703 2026; x_wconf 89' lang='lat' dir='ltr'>quae</span> <span class='ocrx_word' id='word_1_219' title='bbox 733 1978 886 2026; x_wconf 89' lang='lat' dir='ltr'>quidem</span> <span class='ocrx_word' id='word_1_220' title='bbox 905 1978 1086 2016; x_wconf 89' lang='lat' dir='ltr'>insularis</span> <span class='ocrx_word' id='word_1_221' title='bbox 1114 1978 1335 2025; x_wconf 88' lang='lat' dir='ltr'>provinciae</span> <span class='ocrx_word' id='word_1_222' title='bbox 1364 1977 1534 2016; x_wconf 87' lang='lat' dir='ltr'>rationes</span> <span class='ocrx_word' id='word_1_223' title='bbox 1562 1980 1730 2025; x_wconf 85' lang='lat' dir='ltr'>exstant,</span> <span class='ocrx_word' id='word_1_224' title='bbox 1758 1977 1798 2015; x_wconf 89' lang='lat' dir='ltr'>in</span> 
     </span>
     <span class='ocr_line' id='line_1_28' title="bbox 299 2039 1798 2090; baseline -0.001 -10"><span class='ocrx_word' id='word_1_225' title='bbox 299 2044 354 2080; x_wconf 90' lang='lat' dir='ltr'>eis</span> <span class='ocrx_word' id='word_1_226' title='bbox 389 2053 577 2090; x_wconf 84' lang='lat' dir='ltr'>nusquam</span> <span class='ocrx_word' id='word_1_227' title='bbox 606 2041 805 2080; x_wconf 89' lang='lat' dir='ltr'>Deliorum</span> <span class='ocrx_word' id='word_1_228' title='bbox 839 2039 881 2079; x_wconf 85' lang='lat' dir='ltr'>fit</span> <span class='ocrx_word' id='word_1_229' title='bbox 909 2041 1062 2079; x_wconf 86' lang='lat' dir='ltr'>mentio.</span> <span class='ocrx_word' id='word_1_230' title='bbox 1120 2039 1196 2078; x_wconf 91' lang='lat' dir='ltr'>Sed</span> <span class='ocrx_word' id='word_1_231' title='bbox 1229 2040 1414 2088; x_wconf 90' lang='lat' dir='ltr'>templum</span> <span class='ocrx_word' id='word_1_232' title='bbox 1443 2039 1653 2088; x_wconf 85' lang='lat' dir='ltr'>Apollinis,</span> <span class='ocrx_word' id='word_1_233' title='bbox 1681 2051 1798 2089; x_wconf 93' lang='lat' dir='ltr'>quum</span> 
     </span>
     <span class='ocr_line' id='line_1_29' title="bbox 298 2102 1799 2154; baseline -0.002 -11"><span class='ocrx_word' id='word_1_234' title='bbox 298 2117 368 2154; x_wconf 91' lang='lat' dir='ltr'>pro</span> <span class='ocrx_word' id='word_1_235' title='bbox 404 2106 592 2143; x_wconf 91' lang='lat' dir='ltr'>communi</span> <span class='ocrx_word' id='word_1_236' title='bbox 635 2105 824 2143; x_wconf 87' lang='lat' dir='ltr'>sociorum</span> <span class='ocrx_word' id='word_1_237' title='bbox 860 2105 1010 2142; x_wconf 86' lang='lat' dir='ltr'>aerario</span> <span class='ocrx_word' id='word_1_238' title='bbox 1053 2107 1156 2142; x_wconf 89' lang='lat' dir='ltr'>esset</span> <span class='ocrx_word' id='word_1_239' title='bbox 1198 2106 1236 2141; x_wconf 91' lang='lat' dir='ltr'>et</span> <span class='ocrx_word' id='word_1_240' title='bbox 1276 2103 1364 2151; x_wconf 89' lang='lat' dir='ltr'>plus</span> <span class='ocrx_word' id='word_1_241' title='bbox 1397 2106 1502 2141; x_wconf 89' lang='lat' dir='ltr'>certe</span> <span class='ocrx_word' id='word_1_242' title='bbox 1543 2102 1692 2141; x_wconf 85' lang='lat' dir='ltr'>alienae</span> <span class='ocrx_word' id='word_1_243' title='bbox 1732 2114 1799 2151; x_wconf 89' lang='lat' dir='ltr'>pe-</span> 
     </span>
     <span class='ocr_line' id='line_1_30' title="bbox 299 2164 1798 2215; baseline -0.003 -9"><span class='ocrx_word' id='word_1_244' title='bbox 299 2169 434 2206; x_wconf 86' lang='lat' dir='ltr'>cuniae</span> <span class='ocrx_word' id='word_1_245' title='bbox 463 2169 680 2206; x_wconf 86' lang='lat' dir='ltr'>contineret</span> <span class='ocrx_word' id='word_1_246' title='bbox 708 2178 822 2215; x_wconf 88' lang='lat' dir='ltr'>quam</span> <span class='ocrx_word' id='word_1_247' title='bbox 852 2167 1052 2215; x_wconf 84' lang='lat' dir='ltr'>propriae,</span> <span class='ocrx_word' id='word_1_248' title='bbox 1080 2165 1186 2204; x_wconf 88' lang='lat' dir='ltr'>brevi</span> <span class='ocrx_word' id='word_1_249' title='bbox 1215 2165 1336 2213; x_wconf 80' lang='lat' dir='ltr'>magis</span> <span class='ocrx_word' id='word_1_250' title='bbox 1363 2164 1655 2203; x_wconf 82' lang='lat' dir='ltr'>Atheniensium</span> <span class='ocrx_word' id='word_1_251' title='bbox 1683 2175 1798 2214; x_wconf 81' lang='lat' dir='ltr'>quam</span> 
     </span>
     <span class='ocr_line' id='line_1_31' title="bbox 301 2229 1797 2278; baseline -0.001 -9"><span class='ocrx_word' id='word_1_252' title='bbox 301 2232 494 2269; x_wconf 82' lang='lat' dir='ltr'>Deliorum</span> <span class='ocrx_word' id='word_1_253' title='bbox 529 2230 697 2268; x_wconf 82' lang='lat' dir='ltr'>futurum</span> <span class='ocrx_word' id='word_1_254' title='bbox 730 2243 805 2270; x_wconf 89' lang='lat' dir='ltr'>non</span> <span class='ocrx_word' id='word_1_255' title='bbox 833 2242 993 2278; x_wconf 84' lang='lat' dir='ltr'>magnae</span> <span class='ocrx_word' id='word_1_256' title='bbox 1033 2234 1116 2269; x_wconf 85' lang='lat' dir='ltr'>erat</span> <span class='ocrx_word' id='word_1_257' title='bbox 1150 2230 1345 2268; x_wconf 86' lang='lat' dir='ltr'>sollertiae</span> <span class='ocrx_word' id='word_1_258' title='bbox 1380 2229 1614 2278; x_wconf 86' lang='lat' dir='ltr'>perspicere.</span> <span class='ocrx_word' id='word_1_259' title='bbox 1669 2229 1797 2277; x_wconf 88' lang='lat' dir='ltr'>Atque</span> 
     </span>
     <span class='ocr_line' id='line_1_32' title="bbox 299 2292 1798 2341; baseline -0.001 -9"><span class='ocrx_word' id='word_1_260' title='bbox 299 2293 557 2332; x_wconf 88' lang='lat' dir='ltr'>Athenienses</span> <span class='ocrx_word' id='word_1_261' title='bbox 585 2293 692 2339; x_wconf 92' lang='lat' dir='ltr'>illud,</span> <span class='ocrx_word' id='word_1_262' title='bbox 721 2297 763 2331; x_wconf 91' lang='lat' dir='ltr'>ut</span> <span class='ocrx_word' id='word_1_263' title='bbox 791 2304 988 2332; x_wconf 87' lang='lat' dir='ltr'>commune</span> <span class='ocrx_word' id='word_1_264' title='bbox 1008 2293 1186 2332; x_wconf 80' lang='lat' dir='ltr'>videlicet</span> <span class='ocrx_word' id='word_1_265' title='bbox 1205 2293 1324 2331; x_wconf 89' lang='lat' dir='ltr'>totius</span> <span class='ocrx_word' id='word_1_266' title='bbox 1351 2292 1560 2339; x_wconf 82' lang='lat' dir='ltr'>societatis,</span> <span class='ocrx_word' id='word_1_267' title='bbox 1587 2292 1696 2331; x_wconf 88' lang='lat' dir='ltr'>cuius</span> <span class='ocrx_word' id='word_1_268' title='bbox 1724 2292 1798 2341; x_wconf 88' lang='lat' dir='ltr'>ipsi</span> 
     </span>
     <span class='ocr_line' id='line_1_33' title="bbox 300 2353 1798 2404; baseline -0.001 -10"><span class='ocrx_word' id='word_1_269' title='bbox 300 2360 429 2395; x_wconf 83' lang='lat' dir='ltr'>essent</span> <span class='ocrx_word' id='word_1_270' title='bbox 462 2357 677 2404; x_wconf 86' lang='lat' dir='ltr'>principes,</span> <span class='ocrx_word' id='word_1_271' title='bbox 715 2361 791 2394; x_wconf 82' lang='lat' dir='ltr'>tam</span> <span class='ocrx_word' id='word_1_272' title='bbox 827 2361 1048 2394; x_wconf 83' lang='lat' dir='ltr'>constanter</span> <span class='ocrx_word' id='word_1_273' title='bbox 1082 2357 1120 2394; x_wconf 89' lang='lat' dir='ltr'>in</span> <span class='ocrx_word' id='word_1_274' title='bbox 1149 2367 1220 2394; x_wconf 89' lang='lat' dir='ltr'>sua</span> <span class='ocrx_word' id='word_1_275' title='bbox 1254 2358 1447 2404; x_wconf 86' lang='lat' dir='ltr'>potestate</span> <span class='ocrx_word' id='word_1_276' title='bbox 1481 2353 1719 2402; x_wconf 82' lang='lat' dir='ltr'>retinebant,</span> <span class='ocrx_word' id='word_1_277' title='bbox 1754 2357 1798 2393; x_wconf 93' lang='lat' dir='ltr'>ut</span> 
     </span>
     <span class='ocr_line' id='line_1_34' title="bbox 300 2417 1798 2467; baseline -0.002 -10"><span class='ocrx_word' id='word_1_278' title='bbox 300 2431 347 2458; x_wconf 90' lang='lat' dir='ltr'>ne</span> <span class='ocrx_word' id='word_1_279' title='bbox 376 2424 454 2457; x_wconf 90' lang='lat' dir='ltr'>tum</span> <span class='ocrx_word' id='word_1_280' title='bbox 485 2419 637 2467; x_wconf 85' lang='lat' dir='ltr'>quidem</span> <span class='ocrx_word' id='word_1_281' title='bbox 667 2418 854 2457; x_wconf 83' lang='lat' dir='ltr'>desistere</span> <span class='ocrx_word' id='word_1_282' title='bbox 884 2418 955 2455; x_wconf 86' lang='lat' dir='ltr'>hac</span> <span class='ocrx_word' id='word_1_283' title='bbox 982 2418 1226 2465; x_wconf 87' lang='lat' dir='ltr'>possessione</span> <span class='ocrx_word' id='word_1_284' title='bbox 1255 2417 1302 2455; x_wconf 89' lang='lat' dir='ltr'>iis</span> <span class='ocrx_word' id='word_1_285' title='bbox 1330 2417 1513 2465; x_wconf 86' lang='lat' dir='ltr'>placeret,</span> <span class='ocrx_word' id='word_1_286' title='bbox 1543 2427 1660 2464; x_wconf 89' lang='lat' dir='ltr'>quum</span> <span class='ocrx_word' id='word_1_287' title='bbox 1689 2426 1798 2455; x_wconf 82' lang='lat' dir='ltr'>aera-</span> 
     </span>
     <span class='ocr_line' id='line_1_35' title="bbox 300 2479 1796 2527; baseline -0.003 -7"><span class='ocrx_word' id='word_1_288' title='bbox 300 2483 395 2520; x_wconf 89' lang='lat' dir='ltr'>rium</span> <span class='ocrx_word' id='word_1_289' title='bbox 426 2482 599 2520; x_wconf 85' lang='lat' dir='ltr'>Athenas</span> <span class='ocrx_word' id='word_1_290' title='bbox 627 2481 715 2519; x_wconf 91' lang='lat' dir='ltr'>inde</span> <span class='ocrx_word' id='word_1_291' title='bbox 745 2481 1045 2519; x_wconf 88' lang='lat' dir='ltr'>transtulissent.</span> <span class='ocrx_word' id='word_1_292' title='bbox 1093 2479 1203 2527; x_wconf 84' lang='lat' dir='ltr'>Quod</span> <span class='ocrx_word' id='word_1_293' title='bbox 1231 2479 1464 2518; x_wconf 89' lang='lat' dir='ltr'>Koehlerum</span> <span class='ocrx_word' id='word_1_294' title='bbox 1494 2479 1666 2527; x_wconf 86' lang='lat' dir='ltr'>aliosque</span> <span class='ocrx_word' id='word_1_295' title='bbox 1693 2479 1796 2517; x_wconf 82' lang='lat' dir='ltr'>viros</span> 
     </span>
     <span class='ocr_line' id='line_1_36' title="bbox 299 2539 1797 2590; baseline -0.003 -7"><span class='ocrx_word' id='word_1_296' title='bbox 299 2545 432 2583; x_wconf 89' lang='lat' dir='ltr'>doctos</span> <span class='ocrx_word' id='word_1_297' title='bbox 462 2549 616 2583; x_wconf 88' lang='lat' dir='ltr'>secutus</span> <span class='ocrx_word' id='word_1_298' title='bbox 646 2544 703 2582; x_wconf 91' lang='lat' dir='ltr'>Ol.</span> <span class='ocrx_word' id='word_1_299' title='bbox 725 2549 786 2590; x_wconf 84' lang='lat'>81,</span> <span class='ocrx_word' id='word_1_300' title='bbox 815 2549 837 2581; x_wconf 87' lang='lat'><strong>3</strong></span> <span class='ocrx_word' id='word_1_301' title='bbox 866 2556 908 2572; x_wconf 94' lang='lat'><strong><em>=</em></strong></span> <span class='ocrx_word' id='word_1_302' title='bbox 937 2547 1011 2581; x_wconf 84' lang='lat'>454</span> <span class='ocrx_word' id='word_1_303' title='bbox 1040 2553 1074 2581; x_wconf 88' lang='lat' dir='ltr'>a.</span> <span class='ocrx_word' id='word_1_304' title='bbox 1105 2541 1193 2580; x_wconf 89' lang='lat' dir='ltr'>Chr.</span> <span class='ocrx_word' id='word_1_305' title='bbox 1223 2553 1258 2580; x_wconf 90' lang='lat' dir='ltr'>n.</span> <span class='ocrx_word' id='word_1_306' title='bbox 1287 2539 1429 2579; x_wconf 85' lang='lat' dir='ltr'>factum</span> <span class='ocrx_word' id='word_1_307' title='bbox 1458 2541 1634 2579; x_wconf 87' lang='lat' dir='ltr'>existimo</span> <span class='ocrx_word' id='word_1_308' title='bbox 1661 2543 1797 2580; x_wconf 83' lang='lat' dir='ltr'>contra</span> 
     </span>
    </p>
   </div>
   <div class='ocr_carea' id='block_1_3' title="bbox 298 2637 570 2644">
    <p class='ocr_par' dir='ltr' id='par_1_4' title="bbox 298 2637 570 2644">
     <span class='ocr_line' id='line_1_37' title="bbox 298 2637 570 2644; baseline 0 682"><span class='ocrx_word' id='word_1_309' title='bbox 298 2637 570 2644; x_wconf 95' lang='lat' dir='ltr'> </span> 
     </span>
    </p>
   </div>
   <div class='ocr_carea' id='block_1_4' title="bbox 302 2674 1794 2783">
    <p class='ocr_par' dir='ltr' id='par_1_5' title="bbox 302 2674 1794 2783">
     <span class='ocr_line' id='line_1_38' title="bbox 390 2674 1794 2726; baseline -0.006 -10"><span class='ocrx_word' id='word_1_310' title='bbox 390 2681 417 2726; x_wconf 85' lang='lat'>⁷)</span> <span class='ocrx_word' id='word_1_311' title='bbox 442 2679 612 2716; x_wconf 88' lang='lat' dir='ltr'>Herodot.</span> <span class='ocrx_word' id='word_1_312' title='bbox 630 2679 726 2723; x_wconf 88' lang='lat' dir='ltr'>VIII,</span> <span class='ocrx_word' id='word_1_313' title='bbox 756 2680 949 2722; x_wconf 78' lang='lat'><strong>132—1333</strong></span> <span class='ocrx_word' id='word_1_314' title='bbox 974 2678 1036 2722; x_wconf 92' lang='lat' dir='ltr'>IX,</span> <span class='ocrx_word' id='word_1_315' title='bbox 1059 2680 1115 2714; x_wconf 89' lang='grc'>90.</span> <span class='ocrx_word' id='word_1_316' title='bbox 1232 2677 1264 2722; x_wconf 78' lang='lat'>⁸)</span> <span class='ocrx_word' id='word_1_317' title='bbox 1288 2674 1487 2721; x_wconf 80' lang='lat' dir='ltr'>Thucydid.</span> <span class='ocrx_word' id='word_1_318' title='bbox 1504 2675 1532 2721; x_wconf 90' lang='lat'>1,</span> <span class='ocrx_word' id='word_1_319' title='bbox 1548 2676 1608 2712; x_wconf 82' lang='lat'>96:</span> <span class='ocrx_word' id='word_1_320' title='bbox 1634 2674 1794 2717; x_wconf 76' lang='grc' dir='ltr'>ταμιεῖόν</span> 
     </span>
     <span class='ocr_line' id='line_1_39' title="bbox 302 2734 1484 2783; baseline -0.003 -12"><span class='ocrx_word' id='word_1_321' title='bbox 302 2749 341 2771; x_wconf 80' lang='grc' dir='ltr'>τε</span> <span class='ocrx_word' id='word_1_322' title='bbox 369 2737 482 2782; x_wconf 76' lang='grc' dir='ltr'><em>Δῆλος</em></span> <span class='ocrx_word' id='word_1_323' title='bbox 505 2737 548 2783; x_wconf 83' lang='grc' dir='ltr'>ἦν</span> <span class='ocrx_word' id='word_1_324' title='bbox 574 2737 695 2776; x_wconf 77' lang='grc' dir='ltr'><em>αὐτοῖς</em></span> <span class='ocrx_word' id='word_1_325' title='bbox 719 2736 775 2769; x_wconf 73' lang='grc' dir='ltr'>καὶ</span> <span class='ocrx_word' id='word_1_326' title='bbox 801 2736 832 2768; x_wconf 79' lang='grc' dir='ltr'>οἱ</span> <span class='ocrx_word' id='word_1_327' title='bbox 857 2734 1004 2774; x_wconf 73' lang='grc' dir='ltr'><em>ξύνοδοι</em></span> <span class='ocrx_word' id='word_1_328' title='bbox 1029 2735 1066 2775; x_wconf 81' lang='grc' dir='ltr'>ἐς</span> <span class='ocrx_word' id='word_1_329' title='bbox 1091 2735 1133 2769; x_wconf 84' lang='grc' dir='ltr'>τὸ</span> <span class='ocrx_word' id='word_1_330' title='bbox 1160 2734 1261 2780; x_wconf 71' lang='grc' dir='ltr'><strong><em>ἱερὸν</em></strong></span> <span class='ocrx_word' id='word_1_331' title='bbox 1287 2735 1484 2779; x_wconf 67' lang='grc' dir='ltr'><em>ἐγίγνοντο.</em></span> 
     </span>
    </p>
   </div>
  </div>
 </body>
</html>
