1979 3326
696 312 981 353 -13-

85 437 334 487 pessumdato
368 459 406 463 —
441 448 486 476 eo
514 441 701 486 tempore,
731 448 806 485 quo
835 439 925 485 post
942 435 1080 473 Medos
1109 434 1287 483 repulsos
1319 433 1368 472 ab
1388 433 1598 471 Athenien-

86 500 192 540 sibus
219 499 356 539 foedus
385 501 640 539 constitutum
669 504 773 538 esset
790 499 852 538 vel
870 499 1075 547 imperium
1103 499 1163 545 iis,
1193 498 1259 546 qm·
1287 497 1350 534 hic
1377 497 1597 544 laudantur,

85 562 226 602 finibus
254 564 601 611 circumscriptum.

186 626 302 665 Dicat
337 625 503 665 fortasse
541 627 751 675 quispiam:
789 629 882 664 tune
918 636 1038 673 negas
1067 625 1326 663 Athenienses
1363 625 1600 673 amphictyo-

85 690 173 728 niae
200 689 372 728 deliacae
408 691 621 738 antiquitus
655 690 866 737 participes
902 688 1039 735 fuisse,
1077 700 1193 736 quum
1222 692 1351 727 tamen
1385 688 1594 726 memoriae

87 753 273 792 traditum
307 753 359 791 sit
393 753 431 790 in
461 765 592 791 omnes
621 752 811 801 Cycladas
842 753 892 791 ab
926 753 974 791 iis
1004 764 1089 790 esse
1126 753 1297 790 colonias
1335 750 1599 796 deductas!34)

94 815 216 862 Quam
254 819 359 853 certe
394 814 562 854 fabulam
599 817 817 864 posteriore
851 815 1118 854 tantummodo
1153 819 1328 863 tempore
1366 827 1450 853 esse
1489 825 1599 853 exco-

92 879 274 926 gitatam,
317 889 402 916 cum
436 880 512 917 iam
555 878 740 917 florerent
772 879 1067 917 Atheniensium
1102 891 1184 926 res,
1228 880 1360 917 Ionum
1403 891 1493 917 vero
1535 877 1601 916 ad—

88 953 201 980 versa
227 941 385 981 fortuna
412 940 726 990 adflictarentur,
763 943 875 981 testis
909 943 1001 980 mihi
1031 946 1090 980 est
1117 943 1366 990 gravissimus
1395 942 1600 988 Homerus,

89 1006 156 1053 qui
183 1016 260 1043 non
286 1009 364 1044 tam
401 1006 516 1054 plane
551 1005 598 1043 de
627 1006 867 1044 Athenarum
902 1006 998 1044 urbe
1027 1007 1231 1053 tacuisset,
1269 1007 1300 1044 si
1337 1017 1419 1043 eam
1448 1006 1600 1053 patriae

89 1079 183 1106 suae
224 1067 436 1116 Ionumque
472 1070 640 1107 omnium
676 1070 937 1107 existimasset
971 1070 1214 1117 metropolin.
1283 1069 1443 1106 Maximi
1486 1069 1601 1106 etiam

89 1132 182 1170 mihi
207 1133 391 1170 momenti
421 1143 506 1170 esse
539 1132 702 1180 videtur,
741 1132 844 1180 quod
872 1133 1076 1180 tetrapolis
1109 1132 1359 1170 Marathonia
1401 1135 1460 1178 (ut
1489 1143 1602 1169 cona·

89 1199 152 1233 tus
195 1207 279 1233 sum
321 1195 586 1234 demonstrare
619 1197 658 1233 in
694 1196 961 1241 annotatione)
1004 1197 1203 1243 propriam
1238 1196 1427 1233 theoriam
1464 1195 1601 1232 Delum

90 1260 245 1298 mittere
287 1260 402 1298 solita
439 1264 499 1298 est
533 1272 553 1298 e
591 1264 784 1298 certarum
819 1259 1051 1297 familiarum
1089 1258 1297 1307 gentilibus
1331 1259 1600 1306 compositam:

90 1322 219 1361 omnia
246 1324 342 1362 talia
369 1324 539 1371 gentium
570 1323 811 1372 quarundam
840 1327 957 1371 atque
981 1323 1180 1371 regionum
1200 1323 1353 1360 Atticae
1382 1323 1534 1370 privata
1564 1326 1602 1359 et

93 1388 254 1435 propria
281 1398 393 1425 sacra
420 1387 470 1425 ad
496 1388 799 1425 vetustissimam
827 1387 1023 1434 pertinere
1053 1386 1324 1433 antiquitatem
1353 1389 1500 1423 certum
1529 1390 1600 1432 est,

90 1460 208 1497 quum
246 1450 416 1488 nondum
450 1452 679 1489 coniunctae
700 1454 828 1488 erant
859 1462 931 1498 per
967 1450 1248 1497 synoecismum
1285 1448 1397 1486 huius
1435 1449 1602 1486 cixitatis

92 1515 242 1560 partes;
269 1524 395 1562 neque
415 1514 622 1552 verisimile
653 1518 712 1551 est
739 1514 838 1551 hanc
857 1513 1059 1559 theoriam,
1089 1513 1278 1560 privatam
1308 1516 1351 1549 ut
1379 1513 1435 1550 ita
1463 1512 1600 1557 dicam,

89 1575 131 1612 in
157 1587 266 1613 usum
297 1577 449 1614 venisse
477 1580 561 1615 tota
579 1577 780 1625 republica
798 1577 874 1614 iam
905 1587 1013 1614 suam
1041 1576 1229 1613 mittente.
1275 1575 1386 1622 Quod
1413 1587 1601 1624 pergrave

90 1639 287 1687 existimo,
332 1651 449 1687 quum
490 1644 629 1688 reputo
664 1640 899 1678 Marathona
941 1651 1046 1686 esse,
1089 1639 1192 1677 unde
1226 1639 1401 1686 Xuthus,
1443 1639 1546 1677 Ionis
1582 1651 1601 1676 e

91 1701 239 1740 Creusa
273 1705 387 1749 pater
421 1705 460 1740 et
495 1713 605 1740 nemo
640 1703 739 1740 alius
776 1703 852 1739 nisi
881 1702 1048 1749 Apollon
1084 1702 1167 1749 ipse
1197 1702 1328 1739 Ionum
1366 1700 1601 1752 ἀρχηγέτης,

91 1765 265 1803 Athenas
301 1764 520 1811 venerit.³⁵)
583 1766 689 1813 Quae
725 1766 757 1803 si
790 1769 896 1803 recte
934 1765 1147 1812 disputati,
1183 1765 1255 1802 hac
1289 1765 1451 1812 antiqua
1484 1769 1604 1803 tetra-

89 1829 190 1877 polis
219 1828 549 1867 Marathoniensis
579 1841 663 1867 cum
692 1829 872 1877 Apolline
899 1828 1011 1866 Delio
1041 1829 1323 1874 coniunctione,
1355 1839 1454 1876 quae
1483 1829 1602 1866 multo

93 1895 182 1930 ante
212 1892 371 1939 exstitit,
400 1903 515 1940 quam
542 1904 628 1930 cum
655 1892 741 1930 aliis
769 1893 921 1929 Atticae
949 1892 1058 1938 pagis
1085 1891 1125 1927 in
1151 1902 1266 1928 unam
1295 1891 1487 1928 civitatem
1516 1902 1603 1929 coa-

93 1955 269 2002 lesceret,
296 1955 514 1993 illustratur
542 1955 672 2002 aliqua
692 1966 739 1992 ex
758 1958 869 2002 parte
899 1954 1075 2002 quaestio
1105 1954 1151 1991 de
1173 1953 1306 1991 Ionum
1335 1955 1460 2001 gentis
1483 1955 1603 2001 prim-

92 2017 212 2056 ordiis
240 2022 358 2067 atque
393 2019 704 2066 migrationibus:
742 2029 819 2055 non
848 2019 948 2055 enim
984 2017 1160 2065 equidem
1191 2017 1348 2054 Ernesti
1379 2015 1502 2054 Curtii
1531 2017 1603 2053 viri

91 2081 344 2120 illustrissimi
373 2083 592 2130 opinionem
621 2093 697 2120 non
726 2094 745 2119 e
767 2081 933 2119 Graecia
960 2082 1123 2129 primum
1154 2080 1266 2118 Iones
1296 2081 1335 2117 in
1356 2081 1487 2118 Asiam
1517 2091 1603 2127 per-

91 2145 262 2192 venisse,
305 2157 436 2183 verum
477 2146 539 2184 via
579 2156 739 2193 prorsus
776 2145 972 2183 contraria
1011 2155 1117 2182 mare
1155 2146 1350 2191 Aegaeum
1388 2144 1604 2190 transiisse,

91 2208 203 2256 parvi
230 2206 329 2247 facio
359 2212 398 2246 et
425 2220 501 2257 quo
537 2209 658 2257 magis
691 2211 854 2256 reputo,
889 2211 997 2246 tanto
1035 2207 1276 2255 probabilior
1311 2205 1403 2244 mihi
1438 2218 1522 2244 esse
1552 2207 1604 2243 vi-

92 2269 217 2308 detur.

196 2333 360 2383 Quoquo
387 2334 501 2373 modo
528 2346 592 2373 res
621 2345 663 2372 se
688 2334 805 2372 habet
830 2335 869 2372 in
890 2335 1117 2382 quaestione
1137 2334 1209 2372 hac
1229 2333 1479 2381 perobscura,
1509 2332 1605 2370 illud

92 2396 185 2435 mihi
212 2397 366 2435 minime
393 2397 546 2436 videtur
574 2396 807 2435 dubitationi
837 2397 1065 2435 obnoxium:
1094 2408 1171 2435 non
1199 2395 1318 2434 fuisse
1348 2395 1604 2433 Athenienses

94 2460 308 2508 antiquitus
343 2460 652 2508 amphictyoniae
681 2459 853 2498 deliacae
881 2461 1105 2508 participes.
1162 2459 1299 2507 Neque
1330 2459 1492 2506 septimo
1522 2469 1604 2496 sae-

94 2522 201 2570 culo,
237 2534 313 2571 quo
343 2527 518 2571 tempore
550 2524 685 2560 civitas
718 2523 912 2560 intestinis
946 2522 1149 2560 discordiis
1184 2522 1308 2559 divisa
1342 2525 1379 2558 et
1409 2521 1606 2568 exagitata

94 2586 135 2623 in
163 2579 330 2624 summas
363 2587 563 2634 angustias
598 2586 766 2632 venerit,
804 2597 1034 2634 quemquam
1070 2589 1165 2633 puto
1200 2596 1314 2632 posse
1348 2584 1515 2622 animum
1548 2584 1606 2620 in-

186 2722 234 2764 ³4)
258 2722 406 2757 Isocrat.
430 2722 629 2756 Panathen.
656 2721 849 2767 §43—443
875 2721 965 2756 Vell.
992 2720 1171 2756 Patercul.
1198 2719 1225 2764 I,
1252 2722 1284 2754 4.

186 2778 232 2825 ³⁵)
258 2777 375 2814 strab.
393 2778 491 2824 VIII,
515 2780 548 2822 7,
577 2781 605 2813 1.
