1979 3326
737 309 1047 350 —201—

146 435 348 479 straretur‚
376 443 452 471 non
479 435 523 470 ut
550 432 646 471 alias
675 433 890 473 cleruchias
918 435 1056 473 atticas
1084 433 1203 472 fuisse
1233 445 1324 472 suae
1352 434 1580 482 potestatis«
1592 432 1641 477 ⁹³)

142 517 191 522 —
219 494 342 533 credit
358 494 539 534 videlicet
566 496 624 533 vir
643 495 778 534 doctus
807 496 1012 535 archontes
1034 500 1070 534 et
1090 496 1272 534 habuisse
1293 497 1471 544 proprios
1493 501 1642 534 ceteras

143 568 274 596 omnes
302 557 516 596 cleruchias
537 561 575 595 et
595 568 747 596 creasse
776 570 846 596 suo
873 558 1045 605 arbitrio,
1074 570 1149 596 non
1169 559 1218 597 ab
1247 559 1341 597 urbe
1360 560 1487 607 patria
1507 560 1643 596 missos

142 619 354 667 accepisse!
411 619 580 667 Quorum
608 619 704 657 illud
733 624 791 658 est
819 621 971 658 omnino
999 619 1149 668 falsum,
1178 632 1263 659 cum
1292 622 1374 660 sola
1403 620 1565 659 Salamis
1595 622 1644 658 sit

143 682 193 720 ab
221 681 405 720 archonte
441 682 710 721 administrata
747 682 810 727 (de
840 683 958 730 Scyro
995 684 1131 722 insula.
1159 696 1221 721 res
1251 683 1454 722 admodum
1490 688 1548 721 est
1575 683 1643 721 du-

141 742 280 791 bia‚⁹4)
315 743 498 781 Lemnum
527 748 566 781 et
593 744 760 782 Imbrum
794 746 1044 792 magistratus
1072 746 1248 784 militaris
1278 746 1538 793 mittebatur),
1566 746 1639 784 hoc

141 810 269 845 autem
297 805 555 845 demonstrari
581 818 657 845 non
685 811 829 855 potest:
859 808 1002 846 archon
1033 810 1132 846 enim
1153 808 1357 847 Salaminis
1386 810 1534 847 insulae
1563 809 1643 848 fue-

141 870 242 908 ritne
270 869 319 908 ab
347 870 649 908 Atheniensibus
677 871 910 909 constitutus
939 883 987 909 an
1016 883 1038 909 a
1067 872 1256 910 cleruchis
1286 873 1449 919 electus,
1484 884 1643 920 prorsus

141 933 362 982 ignoramus
390 944 605 981 nomenque
634 933 829 972 archontis
848 935 1002 972 minime
1031 935 1172 982 obstat,
1202 936 1404 983 quominus
1424 935 1519 973 illud
1547 936 1644 973 veri-

141 996 302 1034 similius
330 995 506 1035 videatur
533 1018 582 1023 —-
610 993 834 1047 ἐπιμελητὴς
873 1001 976 1034 certe
1012 998 1201 1046 appellari
1230 1010 1306 1036 non
1335 1002 1505 1046 poterat,
1542 999 1643 1046 quia,

141 1070 216 1108 quo
243 1061 416 1107 tempore
435 1060 613 1098 instituta
642 1064 700 1098 est
721 1061 917 1099 cleruchia
945 1061 1157 1108 salamiam,
1187 1073 1324 1100 nomen
1344 1062 1415 1100 hoc
1436 1073 1643 1110 numquam

77 1170 84 1176 ¹
140 1122 381 1170 magistratui
416 1122 592 1171 cuiquam
634 1123 773 1160 scimus
815 1123 997 1170 inditum,
1040 1124 1235 1162 archontis
1270 1135 1360 1162 vero
1405 1129 1489 1162 erat
1524 1126 1644 1163 usita-

139 1185 340 1232 tissimum,
368 1189 503 1224 contra
522 1186 671 1224 deliaca
690 1197 773 1223 cum
802 1186 959 1225 condita
979 1191 1048 1234 est,
1077 1187 1320 1235 pullulabant
1351 1189 1461 1235 quasi
1482 1188 1644 1226 Athenis

140 1244 358 1298 ἐπιμεληταὶ
378 1249 546 1286 cuiusvis
574 1249 736 1296 generis.
784 1249 882 1287 Erat
902 1254 1029 1287 autem
1059 1251 1249 1289 curatoris
1278 1251 1382 1288 illius
1412 1262 1548 1288 munus
1579 1261 1645 1288 an-

139 1321 268 1358 nuum,
296 1314 339 1349 ut
365 1312 494 1350 multis
523 1323 542 1350 e
571 1312 693 1350 titulis
722 1312 849 1360 colligi
877 1317 1026 1361 potest,
1062 1314 1204 1361 optime
1234 1326 1280 1351 ex
1309 1313 1508 1365 ἀπαρχῶν,
1545 1325 1644 1362 quae

140 1373 300 1421 dicitur,
336 1374 539 1422 tabula‚⁹⁵)
576 1376 616 1413 in
644 1387 721 1424 qua
748 1377 955 1424 perscripti
994 1380 1084 1414 sunt
1117 1378 1365 1425 magistratus
1400 1377 1644 1415 athenienses

140 1437 343 1486 variihqui
371 1438 410 1475 in
430 1438 654 1477 enneterida
675 1439 870 1487 pythicam
889 1441 1074 1487 pecunias
1099 1440 1356 1486 contulerunt,
1385 1451 1454 1487 per
1475 1439 1645 1487 singulos

140 1510 262 1538 annos
290 1499 440 1548 digesti.
486 1501 665 1539 Electum
694 1513 779 1539 enm
808 1514 893 1540 esse
923 1502 1132 1551 suffragiis,
1163 1515 1240 1541 non
1269 1507 1372 1541 sorte
1401 1507 1584 1549 creatum,
1614 1503 1645 1540 si

139 1573 214 1601 non
243 1566 401 1610 certum,
429 1567 470 1602 at
498 1565 661 1602 maxime
690 1565 896 1602 verisimile
927 1570 996 1612 est,
1032 1577 1116 1604 cum
1145 1566 1341 1604 videamus
1369 1566 1646 1603 nobilissimum

140 1637 330 1674 quemque
367 1626 656 1666 Atheniensium
693 1629 919 1676 epimeletae
955 1640 1112 1668 munere
1149 1641 1233 1667 esse
1268 1628 1458 1675 functum,
1494 1633 1537 1666 ut
1564 1629 1646 1666 Me-

138 1688 251 1727 deum
287 1689 396 1727 illum
424 1689 553 1728 Medei
582 1689 606 1728 f.
636 1690 946 1736 Piraeensem⁹⁶)
979 1704 998 1730 e
1028 1692 1146 1730 nobili
1177 1692 1495 1740 Eumolpidarum
1532 1697 1645 1739 gente

140 1751 341 1791 oriundum
373 1757 411 1791 et
438 1753 607 1802 Lycurgi
636 1756 802 1793 oratoris
830 1755 934 1793 illius
963 1760 1234 1803 pronepotem,
1271 1756 1335 1803 qui
1365 1759 1502 1803 quater
1530 1755 1645 1792 etiam

139 1814 284 1853 archon
316 1813 443 1854 fuerat
480 1816 654 1854 Athenis.
717 1817 845 1865 Atque
881 1817 1130 1856 confirmatur
1165 1829 1249 1856 mea
1284 1819 1475 1856 sententia
1510 1829 1554 1855 ea
1591 1829 1644 1862 re,

141 1876 243 1926 quod
279 1876 342 1914 hic
370 1878 619 1926 magistratus
648 1878 697 1917 ad
726 1891 842 1917 unum
879 1880 1032 1928 quidem
1062 1881 1183 1917 virum
1212 1903 1260 1907 —
1290 1881 1530 1918 Ammonium
1560 1883 1646 1918 Am-

139 1940 259 1978 monii
285 1938 309 1977 f.
339 1940 635 1989 Anaphlystium
663 1963 712 1968 —
741 1941 798 1980 bis
828 1946 884 1980 est
914 1942 1135 1989 delatus‚⁹⁷)
1174 1943 1276 1991 quod
1305 1945 1440 1981 mirum
1471 1948 1585 1984 esset.
1615 1944 1646 1980 si

141 2007 245 2041 sorte
280 2006 383 2040 esset
415 2002 568 2042 factum.
624 2004 865 2052 Eponymum
902 2006 1016 2043 etiam
1045 2007 1134 2043 anni
1173 2005 1289 2044 fuisse
1319 2011 1536 2044 curatorem
1572 2007 1646 2043 cle-

141 2064 297 2103 ruchiae
325 2064 439 2104 docet
456 2065 630 2113 Nenz‚⁹⁸)
659 2068 838 2115 quoniam
868 2068 906 2104 in
935 2068 1057 2106 titulis
1079 2068 1307 2116 quibusdam
1337 2068 1646 2107 dedicatoriis⁹⁹›

142 2131 268 2166 exstet
300 2129 484 2176 scriptum
525 2126 607 2166 »ἐπὶ
635 2127 862 2180 ἐπιμελητοῦ
892 2132 960 2167 τοῦ
989 2130 1140 2177 &simu
1176 2137 1216 2170 at
1244 2133 1282 2170 in
1318 2131 1476 2170 aliis¹⁰⁰›
1508 2132 1647 2179 legitur

231 2303 279 2345 ⁹⁸)
303 2302 413 2338 Nenz.
440 2303 585 2348 Quaest.
611 2304 679 2339 del.
707 2317 739 2350 p.
763 2309 811 2341 16.
908 2307 952 2351 9⁴)
979 2307 1198 2342 Archontem
1225 2307 1329 2350 enim,
1356 2307 1417 2350 qui
1443 2306 1648 2351 appellatur

142 2359 178 2394 in
210 2359 354 2396 decreto
387 2360 635 2396 cleruchorum
663 2362 811 2407 Scyrum
844 2363 996 2398 insulam
1030 2365 1227 2399 tenentium
1253 2365 1533 2408 (Dittenberger.
1562 2363 1645 2408 Syll.

142 2416 251 2452 Inscr.
271 2417 396 2454 Graec.
414 2420 506 2463 383),
532 2419 738 2455 Atheniona
755 2420 920 2465 Dionysii
938 2421 972 2462 f.‚
999 2428 1123 2456 contra
1147 2422 1414 2465 Dittenbergeri
1434 2422 1646 2456 sententiam

141 2474 178 2517 (1.
195 2474 217 2510 1.
235 2480 307 2510 not.
320 2478 355 2519 2)
373 2487 437 2522 pro
454 2487 590 2513 summo
608 2478 820 2522 magistratu
839 2479 948 2513 totius
966 2479 1121 2513 civitatis
1141 2479 1290 2516 habebo,
1317 2479 1401 2513 dum
1422 2480 1521 2513 novis
1539 2479 1645 2513 docu-

142 2532 271 2568 mentis
295 2534 448 2579 repertis
472 2535 684 2570 clarioribus
709 2535 894 2570 refelletur
917 2535 1037 2580 opinio
1064 2546 1152 2570 mea.
1277 2537 1324 2571 ⁹⁵)
1350 2538 1386 2571 C.
1404 2536 1429 2570 1.
1445 2537 1486 2570 A.
1508 2536 1551 2577 ΙΙ,
1569 2538 1646 2570 985.

235 2590 283 2633 ⁹⁶)
308 2590 403 2626 Bull.
429 2591 461 2627 d.
488 2591 585 2627 Corr.
612 2593 705 2627 Hell.
723 2593 784 2636 lv,
811 2604 843 2637 p.
867 2596 929 2627 190
946 2599 981 2628 et
998 2594 1076 2636 vll,
1105 2606 1136 2638 p.
1163 2598 1209 2629 12.
1303 2595 1349 2630 97)
1375 2594 1486 2629 Tituli
1505 2599 1645 2628 exstant

144 2645 226 2690 duo,
251 2645 288 2681 in
314 2647 444 2691 quibus
466 2648 680 2694 ἐπιμελητὴς
697 2649 740 2682 τὸ
765 2649 942 2693 δεύτερον
969 2649 1116 2685 dicitnr:
1146 2650 1260 2695 ’.4,9ήν.
1280 2651 1339 2694 lv,
1367 2663 1399 2695 p.
1417 2653 1484 2685 459
1501 2656 1533 2684 et
1553 2650 1647 2684 Bull.

144 2702 177 2737 d.
197 2702 295 2738 Corr.
315 2703 408 2739 Hell.
422 2704 485 2750 VI,
503 2716 536 2750 p.
554 2708 631 2741 334.
725 2706 772 2746 ⁹⁸)
799 2706 943 2750 Quaest.
963 2707 1030 2742 del.
1057 2719 1090 2752 p.
1113 2711 1151 2742 15
1170 2714 1203 2743 et
1223 2714 1293 2742 not.
1311 2712 1341 2743 5.
1436 2708 1483 2748 9⁴³)
1509 2707 1544 2741 C.
1561 2707 1586 2741 I.
1604 2707 1645 2741 G.

145 2762 246 2805 2298,
271 2762 362 2796 2306
386 2766 423 2797 et
448 2762 592 2807 passim.
731 2764 794 2806 ¹⁰⁰)
817 2762 932 2809 Ἆθήν.
958 2764 1019 2808 lv,
1044 2775 1078 2809 p.
1095 2768 1159 2800 461
1188 2771 1222 2799 et
1248 2767 1315 2799 462
1341 2764 1495 2809 exempli
1522 2764 1648 2808 gratia.
