1957 3326
884 322 1164 362 -96-

278 458 367 483 nere
404 447 452 483 sit
490 445 660 484 functum
702 457 750 484 an
787 447 903 483 certis
940 445 1050 483 modo
1092 446 1328 494 temporibus
1371 451 1579 485 conventus
1620 446 1774 494 fuerint,

279 510 478 546 nescimus.
544 509 663 546 Sedes
693 510 843 546 concilii
874 520 946 546 nou
978 509 1136 546 Rhodus
1173 514 1274 555 erat,
1312 509 1377 548 sed
1413 510 1561 548 insulae
1596 511 1775 557 minores,

277 573 405 610 Tenus
434 577 471 610 et
500 573 618 611 Delus
649 574 900 621 potissimum,
931 572 1108 610 videntur
1137 574 1223 621 eligi
1253 574 1401 620 solitae,
1435 584 1510 622 quo
1539 573 1656 620 legati
1685 584 1773 611 con-

277 636 466 681 venirent,
503 635 720 683 ibidemque
750 635 905 673 decreta
935 636 1195 674 insulanorum
1226 638 1388 684 proponi
1426 640 1652 684 statuaeque
1682 636 1772 673 viris

277 697 323 735 de
353 700 538 736 communi
568 710 685 737 causa
713 699 808 736 bene
838 700 983 736 meritis
1012 700 1101 746 poni
1132 699 1328 745 solebant,
1359 704 1397 736 et
1426 698 1511 736 Deli
1541 698 1693 747 quidem
1724 698 1773 737 ad

277 761 458 809 templum
489 762 692 809 Apollinis,
723 762 817 800 Teni
846 763 883 799 in
912 762 1082 810 Neptuni
1113 766 1151 800 et
1180 762 1436 810 Amphitritae
1466 760 1630 811 τεμένει,
1669 762 1776 799 cuius

279 823 416 862 Strabo
446 825 557 862 etiam
588 826 819 863 mentionem
848 823 949 862 fecit.
997 824 1117 862 Delus
1138 825 1362 872 saepissime
1386 824 1617 872 appellatur,
1646 824 1776 862 Tenus

278 889 315 924 in
344 899 419 925 uno
448 887 560 925 modo
589 887 744 925 decreto
773 889 811 925 in
841 888 1010 925 Timonis
1041 887 1273 935 Syracusani
1303 887 1486 925 honorem
1515 885 1676 934 fact0‚⁸)
1711 887 1777 935 qui

279 954 442 988 exeunte
478 952 631 989 saeculo
668 952 782 989 tertio
818 951 876 988 vel
915 951 1072 989 secundi
1108 952 1216 989 initio
1253 950 1343 998 fuit,
1386 955 1429 988 ut
1462 962 1509 988 ex
1544 950 1620 988 alio
1661 949 1775 988 titulo

277 1026 400 1061 nuper
428 1015 581 1051 invento
611 1014 838 1061 innotuit:⁹)
869 1026 943 1062 quo
972 1019 1144 1062 tempore
1174 1014 1309 1052 Delum
1345 1015 1420 1052 iam
1455 1025 1529 1052 non
1564 1012 1682 1051 fuisse
1717 1023 1776 1050 so·

280 1077 431 1114 cietatis
468 1077 730 1114 insulanorum
768 1081 982 1114 consortem
1018 1076 1117 1115 infra
1152 1081 1288 1115 contra
1315 1077 1509 1125 vulgarem
1546 1077 1775 1114 sententiam

279 1139 563 1178 demonstrabo.
620 1139 756 1187 Itaque
785 1152 859 1177 non
895 1144 1039 1178 temere
1075 1140 1164 1177 mihi
1194 1139 1326 1178 videor
1360 1139 1591 1178 contendere
1628 1138 1778 1185 Delum,

283 1202 461 1250 quamdiu
492 1204 529 1240 in
559 1201 712 1241 foedere
741 1207 999 1251 permaneret,
1028 1204 1146 1242 solam
1176 1203 1293 1241 fuisse
1323 1203 1474 1241 concilii
1503 1203 1692 1241 sociorum
1721 1213 1778 1240 se-

280 1265 363 1303 dem
386 1265 614 1314 Deliumque
646 1267 861 1314 Apollinem
891 1267 1088 1304 societatis
1117 1271 1319 1314 patronum
1350 1266 1481 1304 solum.
1536 1266 1663 1313 Atque
1689 1276 1778 1304 con—

279 1330 356 1367 cilii
395 1330 486 1367 satis
521 1340 697 1377 magnam
734 1328 852 1367 fuisse
889 1331 1157 1368 auctoritatem
1193 1329 1382 1376 videmus,
1424 1329 1454 1367 si
1495 1339 1570 1366 non
1611 1328 1650 1366 in
1692 1328 1778 1366 aliis

286 1393 414 1437 rebus,
436 1395 475 1430 at
495 1396 597 1430 certe
618 1393 655 1429 in
676 1391 909 1430 honorandis
930 1393 1020 1430 viris
1041 1393 1137 1430 bene
1159 1393 1322 1431 meritis:
1353 1403 1426 1430 non
1447 1392 1567 1430 solum
1587 1390 1720 1430 laudes
1741 1396 1780 1429 et

283 1465 447 1492 coronas
476 1455 522 1491 iis
551 1454 775 1501 decernunt,
804 1459 846 1492 ut
873 1454 1131 1502 Thrasycliw)
1162 1458 1199 1492 et
1219 1455 1392 1493 Sostrato
1413 1453 1619 1501 Cnidio¹¹›,
1648 1455 1682 1492 ei
1711 1455 1777 1502 qui

282 1518 442 1565 pharum
481 1517 769 1555 alexandrinum
805 1519 1013 1564 exstruxit,
1056 1522 1280 1566 statuasque
1322 1521 1365 1556 ut
1398 1517 1619 1556 Ptolemaeo
1653 1517 1780 1555 Phila-

282 1579 421 1627 delpho
442 1580 607 1627 Aegypti
629 1578 768 1627 regin)
789 1580 946 1628 eiusque
967 1580 1162 1618 nauarcho
1185 1579 1380 1618 Callicrati
1399 1579 1524 1618 Boisci
1551 1578 1576 1617 f.
1593 1579 1720 1618 Samio
1733 1578 1778 1623 ¹³)

282 1644 371 1682 (iam
402 1655 420 1680 e
449 1643 571 1680 titulis
601 1642 800 1690 Olympiae
830 1644 995 1691 repertis
1031 1647 1157 1689 noto),
1193 1643 1260 1682 sed
1299 1644 1410 1682 etiam
1448 1643 1602 1681 civitate
1637 1642 1782 1682 donant

282 1706 459 1751 omnium,
490 1717 587 1753 quac
617 1704 782 1743 foederis
812 1707 1020 1754 participes
1051 1712 1155 1753 sunt,
1183 1707 1392 1745 insularum
1420 1707 1637 1755 ceterisque
1663 1706 1782 1745 hono—

282 1769 400 1815 ribus,
430 1769 568 1816 quibus
590 1769 761 1817 singulae
783 1770 957 1808 civitates
978 1774 1117 1808 ornant
1135 1771 1236 1808 viros
1257 1769 1353 1808 bene
1374 1770 1551 1808 meritos:
1581 1771 1780 1818 proxenia,

283 1832 538 1877 immunitate,
568 1833 649 1879 agri
680 1832 833 1870 emundi
860 1833 955 1879 iure,
984 1832 1160 1870 ludorum
1188 1832 1382 1880 proedria,
1418 1833 1500 1871 iure
1529 1836 1686 1871 senatus
1713 1844 1780 1880 po·

285 1895 441 1942 pulique
471 1895 635 1933 adeundi
666 1893 836 1944 πρώτοις
860 1893 960 1943 μετὰ
990 1893 1037 1931 τὰ
1065 1893 1163 1944 ἱερὰ,
1194 1899 1235 1932 ut
1263 1895 1379 1934 scribi
1408 1895 1517 1934 solet.
1571 1895 1678 1934 Haec
1705 1894 1781 1933 dis-

283 1958 402 1995 cimus
432 1969 451 1995 e
480 1959 601 1996 titulis
631 1958 793 2005 duobus,
823 1969 984 2006 quorum
1005 1969 1102 1995 unus
1123 1958 1197 1996 iam
1218 1957 1412 1998 Boeckhio
1434 1962 1519 1997 erat
1538 1961 1650 1997 notus
1661 1958 1708 2005 ¹⁴)
1734 1958 1782 1997 ab

284 2032 406 2068 eoque
436 2025 539 2059 recte
569 2021 618 2059 ad
646 2020 772 2057 κοινὸν
800 2021 1061 2059 insulanorum
1091 2020 1350 2068 referebatur,
1386 2033 1615 2070 quamquam
1651 2032 1781 2059 eorum

283 2095 417 2122 nomen
449 2085 585 2122 lacuna
614 2084 790 2122 haustum
821 2088 922 2131 erat,
957 2085 1047 2132 quia
1075 2084 1230 2122 iubetur
1258 2095 1375 2121 unum
1404 2083 1600 2132 exemplar
1627 2083 1715 2122 Deli
1744 2084 1782 2121 in

283 2148 474 2196 Apollinis
503 2148 644 2196 templo
674 2149 857 2196 proponi,
886 2148 962 2186 alia
990 2149 1028 2185 in
1058 2147 1218 2195 singulis
1249 2147 1429 2194 urbibus,
1459 2158 1557 2196 quae
1586 2147 1782 2185 societatis

283 2211 494 2258 participes
524 2211 610 2247 sint.
674 2210 748 2248 Sed
777 2211 894 2249 verba
922 2210 1112 2261 πρόσοδον
1141 2210 1235 2261 πρὸς
1264 2224 1286 2247 ·.·
1296 2224 1332 2261 1⁹
1356 2208 1500 2261 βουλὴν
1527 2209 1591 2247 καὶ
1619 2209 1684 2247 τὸν
1719 2209 1784 2261 δῆ-

281 2286 369 2322 μον,
410 2285 431 2311 a
468 2273 606 2322 quibus
640 2274 773 2311 titulus
812 2274 978 2321 orditur,
1022 2278 1165 2312 tantam
1201 2274 1449 2312 offensionem
1483 2273 1674 2322 quondam
1708 2273 1785 2312 Ho-

284 2337 411 2375 mollio
441 2336 641 2383 dederunt,
672 2341 713 2374 ut
742 2348 826 2374 eum
855 2336 903 2374 ad
932 2335 1057 2373 κοινὸν
1079 2336 1154 2373 τῶν
1177 2336 1374 2386 νησιωτῶν
1393 2337 1588 2385 pertinere
1611 2341 1783 2385 negaret,

284 2401 374 2448 quia
401 2411 524 2448 neque
553 2404 709 2438 senatus
739 2412 863 2449 neque
891 2401 1079 2439 contionis
1108 2401 1250 2438 mentio
1280 2412 1355 2448 quo
1376 2404 1583 2449 spectaret,
1611 2401 1706 2439 satis
1727 2401 1784 2438 in·

283 2462 600 2511 tellegeretur.¹⁵)
663 2463 774 2500 Nunc
802 2463 918 2502 credo
948 2464 1068 2501 virum
1106 2463 1366 2502 doctissimum
1403 2462 1681 2502 dubitationem
1718 2462 1784 2502 ab·

376 2611 406 2652 ⁸)
431 2610 566 2646 C.I.G.
593 2613 692 2645 2334.
832 2614 862 2655 ⁹)
888 2611 980 2647 Bull.
1007 2611 1039 2646 d.
1067 2613 1163 2647 Corr.
1190 2611 1283 2647 Hell.
1312 2611 1408 2656 VIII,
1433 2623 1466 2657 p.
1492 2614 1546 2647 20.

378 2672 423 2712 ιο)
448 2667 539 2703 Bull.
567 2667 599 2701 d.
626 2669 713 2702 Corr
750 2669 841 2704 llell.
869 2669 928 2712 lv,
955 2680 987 2713 p.
1013 2672 1090 2704 323.
1232 2669 1274 2714 ¹¹)
1300 2668 1389 2704 Ibid.
1415 2668 1494 2713 vn,
1519 2679 1552 2713 p.
1577 2672 1608 2705 5.

380 2726 423 2769 ¹²)
449 2727 485 2760 C.
502 2726 526 2760 Ι.
543 2726 584 2760 G.
611 2728 710 2761 2273.
853 2726 896 2769 ¹³)
924 2725 1016 2760 Bull.
1043 2725 1075 2760 d.
1102 2727 1200 2760 Corr.
1227 2725 1320 2761 Hell.
1346 2725 1406 2771 IV,
1432 2737 1465 2771 p.
1490 2728 1568 2761 325.

380 2786 423 2827 κ)
449 2785 485 2818 o.
501 2783 526 2818 1.
542 2784 582 2817 G.
611 2786 710 2819 2272.
852 2785 895 2826 κν)
922 2783 1012 2818 ssun.
1040 2783 1072 2818 d.
1099 2784 1197 2819 corr.
1224 2783 1316 2819 neu.
1341 2783 1403 2828 IV,
1428 2793 1462 2828 p.
1487 2785 1564 2819 321.
