1979 3326
772 318 1076 359 —107—

175 456 265 483 vero
286 444 407 492 magis
435 443 485 482 ad
512 453 591 481 rem
621 443 771 489 attinet,
800 442 903 491 quod
922 442 1148 490 Byzantium
1169 441 1385 490 Oretaeque
1415 441 1543 489 urbes,
1573 451 1672 490 quae

177 508 217 545 in
251 507 515 545 insulanorum
551 507 735 544 societate
771 509 875 544 certe
913 517 987 544 non
1028 505 1200 549 fuerunt,
1246 507 1470 553 saepissime
1512 516 1672 543 comme-

178 574 347 608 moratas
382 570 565 608 videmus.
620 570 747 618 Atque
782 570 980 608 Deliorum
1015 581 1100 607 cum
1131 570 1325 617 Byzantiis
1362 570 1568 607 amicitiam
1598 570 1673 608 Ho-

177 634 329 672 mollius
363 636 467 671 recte
503 634 584 670 sine
620 633 736 671 dubio
770 632 859 671 inde
894 634 1050 681 repetit,
1089 633 1191 681 quod
1220 633 1449 671 frumentum
1477 634 1671 681 ponticum

177 709 307 736 eorum
335 697 575 745 potissimum
604 697 765 734 navibus
794 697 933 734 Delum
963 697 1243 742 advehebatur,
1272 696 1372 734 unde
1402 708 1425 734 a
1452 697 1674 734 mercatori-

177 761 248 800 bus
276 761 363 799 aliis
391 762 430 798 in
459 761 584 799 varias
615 761 801 799 Graeciae
830 760 946 798 urbes
976 761 1272 809 deportabatur,
1303 761 1578 808 Byzantiisque
1608 759 1673 798 ad-

175 823 356 872 iungendi
385 824 564 862 videntur
591 823 885 862 Chersonesitae
914 823 950 860 02
977 821 1024 860 ἐκ
1053 824 1122 860 τοῦ
1151 822 1310 870 Πόντου,
1340 828 1399 862 ter
1425 825 1465 861 in
1493 823 1671 861 Demaris

177 887 371 926 archontis
399 889 489 925 anni
508 887 722 925 rationibus
750 888 788 924 in
817 888 951 935 templi
979 887 1206 926 donatorum
1236 900 1394 926 numero
1423 885 1672 935 appellati.⁷³)

175 950 220 988 In
262 962 337 998 quo
380 955 619 988 mercaturae
654 962 793 997 genere
828 950 1000 989 Rhodios
1037 951 1309 998 Byzantiorum
1347 951 1516 989 aemulos
1553 949 1673 988 fuisse

177 1018 475 1052 consentaneum
510 1016 568 1050 est
605 1013 793 1061 huiusque
828 1015 1067 1062 potissimum
1105 1016 1241 1052 mercis
1283 1016 1408 1062 gratia
1450 1014 1672 1061 saepissime

177 1077 218 1114 in
237 1077 364 1114 insula
385 1088 468 1115 esse
496 1079 681 1124 versatos,
710 1077 778 1116 tali
809 1078 962 1125 quidem
991 1078 1222 1123 discrimine,
1253 1078 1378 1122 credo,
1410 1081 1453 1115 ut
1479 1078 1674 1125 ponticum

172 1141 247 1187 illi,
282 1140 320 1178 hi
348 1141 566 1188 aegyptium
596 1139 824 1178 frumentum
854 1140 1075 1178 venderent.
1130 1141 1182 1178 Et
1210 1153 1256 1179 ne
1285 1140 1490 1179 Cretenses
1520 1139 1673 1188 quidem

174 1204 256 1243 sola
295 1205 439 1252 pietate
486 1203 675 1241 adductos
718 1207 952 1252 (quanquam
991 1205 1185 1252 Apollinis
1228 1205 1412 1252 templum
1453 1215 1547 1252 prae
1588 1203 1674 1241 aliis

173 1267 382 1315 eligebant,
420 1268 486 1305 ubi
523 1267 680 1305 decreta
715 1271 751 1305 et
788 1266 985 1305 foederum
1021 1267 1252 1306 documenta
1290 1269 1568 1316 proponerent)
1599 1266 1673 1304 De-

171 1331 247 1369 lum
277 1329 582 1378 frequentavisse
618 1330 752 1377 credo,
790 1330 857 1368 sed
885 1331 957 1369 hoc
985 1331 1060 1368 iam
1088 1335 1280 1379 tempore,
1318 1334 1361 1368 ut
1395 1334 1530 1379 postea
1559 1331 1673 1368 etiam

171 1395 312 1442 magis,
358 1394 478 1431 servis
514 1392 683 1441 undique
726 1393 902 1431 abductis
940 1397 978 1431 et
1021 1395 1182 1442 captivis
1218 1393 1428 1432 vendendis
1464 1395 1671 1441 emporium

176 1456 365 1495 deliacum
401 1455 711 1503 locupletavisse.
774 1455 920 1494 Eadem
955 1455 1120 1495 fortasse
1163 1468 1281 1495 causa
1323 1462 1423 1503 erat,
1468 1469 1536 1495 cur
1573 1456 1673 1494 Delii

171 1519 397 1558 Aetolorum
433 1521 685 1569 inprimisque
713 1521 1017 1569 Naupactiorum
1054 1527 1092 1560 et
1118 1522 1281 1560 Nabidis
1317 1523 1472 1570 tyranni
1507 1533 1592 1559 curn
1627 1522 1672 1558 iis

176 1586 361 1623 societate
389 1585 584 1623 coniuncti
612 1586 814 1623 amicitiam
826 1585 874 1632 ⁷4)
905 1586 1086 1629 colerent,
1118 1586 1256 1634 quibus
1285 1587 1347 1624 vix
1369 1587 1569 1634 quisquam
1591 1587 1674 1622 erat

176 1652 367 1686 terrarum
396 1648 711 1696 populationibus
740 1649 1010 1698 hominumque
1039 1651 1185 1698 rapinis
1214 1650 1402 1689 infamior.
1451 1651 1586 1698 Neque
1614 1661 1674 1687 ca-

177 1713 237 1750 sui
271 1711 423 1750 videtur
457 1711 702 1749 tribuendum
739 1724 840 1758 esse,
879 1713 980 1760 quod
1014 1714 1181 1751 maxima
1215 1725 1306 1761 pars
1341 1713 1602 1758 decretorum,
1636 1714 1674 1750 in

178 1774 317 1823 quibus
339 1775 505 1813 omnium
524 1775 658 1813 horum
680 1776 834 1813 nomina
854 1780 1071 1823 occurrunt,
1093 1776 1141 1814 ad
1162 1777 1316 1814 ultimos
1338 1777 1441 1814 tertii
1471 1788 1504 1815 a.
1527 1776 1615 1814 Chr.
1637 1787 1672 1813 n.

181 1839 325 1877 saeculi
361 1849 480 1876 annos
518 1838 752 1886 secundique
787 1840 936 1877 initium
965 1841 1160 1888 pertinent
1191 1861 1229 1865 —
1264 1839 1367 1878 facta
1396 1844 1483 1877 sunt
1511 1840 1675 1878 auctori-

179 1900 250 1939 bus
280 1901 523 1940 Telemnesto
552 1902 734 1940 Aristidis
763 1901 808 1949 f.,
847 1903 911 1951 qui
947 1903 1091 1941 archon
1126 1902 1244 1941 fuisse
1280 1903 1431 1941 videtur
1459 1915 1558 1941 anno
1589 1908 1674 1947 203,

176 1965 337 2013 eiusque
363 1965 591 2013 aequalibus
622 1987 681 2012 —,
712 1966 842 2004 eodem
873 1967 1020 2004 scilicet
1047 1971 1231 2014 tempore,
1261 1978 1335 2014 quo
1358 1966 1483 2005 Italici
1511 1967 1675 2004 insulam

173 2025 418 2076 frequentare
446 2032 670 2076 coeperant:
701 2030 864 2077 exempli
884 2041 1002 2067 causa
1030 2031 1181 2067 nomino
1201 2030 1433 2067 Honiollium
1463 2029 1674 2069 secut11s⁷⁵›

174 2089 314 2128 Buzem
351 2089 660 2138 Canusinum,⁷⁶)
697 2092 861 2130 Sestium
890 2093 1218 2140 Fregellanuni⁷⁷)
1256 2094 1452 2132 Timonem
1482 2093 1675 2141 Nympho-

175 2152 259 2191 dori
286 2152 309 2191 f.
332 2153 672 2202 Syracusanumw)
703 2167 749 2193 ex
777 2157 941 2194 maximo
970 2168 1128 2195 numero
1158 2168 1301 2200 eorum,
1331 2169 1493 2205 quorum
1523 2158 1675 2195 nomina

180 2218 320 2266 partim
348 2219 388 2255 in
416 2218 581 2256 decretis
611 2223 764 2258 exstant
792 2219 926 2257 iisdem
955 2221 1030 2257 illis
1059 2221 1281 2258 auctoribus
1311 2220 1440 2268 factis,
1468 2222 1607 2268 partim
1638 2221 1675 2257 in

178 2281 473 2330 hieropoeorum
508 2283 722 2321 rationibus
759 2283 1119 2332 inventariisque⁷⁹›
1162 2285 1314 2321 circiter
1355 2284 1443 2322 inde
1486 2284 1534 2322 ab
1575 2295 1674 2322 anno

266 2389 312 2432 ⁷3)
338 2389 480 2424 Demar.
507 2390 604 2424 arch.
629 2390 698 2425 inV.
724 2390 784 2425 lin.
816 2393 956 2426 16—17.
1102 2392 1147 2434 ῖ4)
1174 2391 1288 2425 Nabis
1314 2391 1420 2426 etiam
1452 2391 1600 2435 proxeni
1627 2391 1674 2425 ci-

173 2447 295 2482 vitatis
326 2447 485 2482 deliacae
517 2447 711 2482 honoribus
738 2453 792 2482 est
818 2449 967 2483 affectus
993 2449 1150 2493 publice:
1185 2449 1347 2483 Iloniolle
1377 2449 1579 2493 »Rapport«
1609 2455 1675 2484 etc.

173 2516 207 2550 p.
233 2507 294 2549 29,
325 2515 358 2538 n.
384 2506 439 2540 27.
578 2505 624 2547 75)
656 2505 697 2539 In
729 2505 1013 2540 luculentissima,
1046 2505 1307 2550 disputatione,
1342 2516 1432 2550 quae
1469 2507 1676 2541 inscribitur

177 2561 268 2598 »Les
285 2562 456 2598 Romains
473 2561 495 2596 a
511 2561 661 2598 Delosa:
688 2563 780 2597 Bnll.
799 2563 831 2598 d.
851 2564 947 2598 Corr.
969 2564 1060 2598 lIell.
1079 2564 1176 2606 VIII,
1201 2575 1234 2608 p.
1253 2566 1421 2599 75—153.
1517 2565 1559 2603 ἵὃ)
1588 2564 1673 2597 lbid.

175 2630 209 2664 p.
234 2622 289 2656 81.
428 2620 472 2665 Π)
506 2619 595 2654 Ibid.
628 2633 661 2665 p.
687 2624 742 2657 89.
890 2623 936 2659 78)
970 2622 1058 2656 Ibid.
1093 2634 1124 2666 p.
1151 2625 1204 2657 90.
1254 2623 1380 2657 Timon
1413 2622 1505 2657 idem
1538 2623 1572 2656 in
1606 2623 1674 2657 De—

174 2677 283 2712 maris
315 2687 455 2721 quoquc
486 2677 694 2713 inventariis
733 2684 849 2714 exstat
882 2679 941 2714 lin.
973 2682 1033 2724 74,
1072 2680 1131 2714 ubi
1164 2690 1330 2714 coronam
1367 2690 1511 2714 auream
1544 2679 1675 2723 legitur

175 2744 255 2769 eum
281 2733 346 2769 deo
379 2733 517 2769 dicasse
550 2744 642 2769 anno
674 2740 713 2770 ut
738 2734 877 2770 videtur
904 2735 1113 2779 Apollodori
1139 2736 1320 2770 archontis
1347 2737 1425 2781 (196
1451 2746 1481 2770 a.
1509 2736 1589 2771 Chr.
1616 2738 1672 2776 n.)-

266 2791 309 2836 79)
334 2790 475 2826 Demar.
500 2792 596 2827 arch.
624 2792 691 2827 inv.
718 2792 776 2827 lin.
797 2796 852 2837 34,
876 2795 931 2837 62,
948 2795 1005 2837 85,
1027 2796 1099 2837 130,
1130 2796 1207 2829 147:
1235 2794 1330 2828 locos
1357 2793 1490 2837 adiero,
1517 2793 1577 2828 ubi
1603 2794 1673 2838 pri-
