1957 3326
887 267 1169 307 -52-

276 395 378 432 ultra
397 395 618 431 Eleusinem
649 402 897 440 progressum
925 393 1237 438 consequeretur.
1280 388 1538 428 Confirmatur
1566 400 1657 428 vero
1685 388 1781 427 haec

277 458 480 502 sententia,
510 457 541 493 si
570 455 782 502 cogitamus
811 454 892 491 fieri
923 464 998 491 11011
1027 453 1213 500 potuisse,
1249 455 1292 488 ut
1317 455 1406 499 post
1433 451 1609 490 Euclidis
1637 463 1779 490 annum

276 523 472 566 peractum
503 517 714 565 quidquam
744 516 1041 554 Lacedaemonii
1065 514 1366 552 Atheniensibus
1397 515 1606 552 demerent.
1652 513 1781 562 Atque

276 582 348 619 hoc
375 582 459 628 ipso
487 585 676 628 tempore,
705 579 751 617 de
781 591 856 627 quo
886 579 997 616 modo
1018 578 1136 616 verba
1156 576 1241 623 feci,
1271 588 1354 614 cum
1384 588 1455 624 per
1482 575 1700 624 quindecim
1729 576 1782 614 le-

275 649 385 691 gatos
416 645 627 691 Spartanos
657 642 704 681 de
734 654 829 690 pace
860 643 960 679 iuter
987 641 1083 679 duas
1108 639 1398 678 Atheniensium
1426 643 1559 687 partes
1587 638 1782 678 Lacedae·

276 707 499 753 moniosque
529 705 707 744 facienda
735 706 974 750 conveniret,
1010 707 1194 741 statutum
1224 713 1308 740 esse
1337 701 1586 749 crediderim,
1615 705 1658 739 ut
1685 704 1780 739 tem-

275 770 378 816 plum
410 769 604 816 Apollinis
624 768 748 806 Deliis
778 768 1023 805 redderetur:
1053 768 1152 803 inter
1180 766 1286 813 pacis
1315 765 1414 802 enim
1442 768 1529 812 post
1557 763 1730 803 Athenas
1759 774 1783 802 a

276 831 479 878 Lysandro
517 835 653 878 captas
689 830 813 868 factae
851 829 1095 867 condiciones
1130 829 1227 865 hanc
1263 837 1340 864 non
1377 837 1462 864 esse
1498 828 1694 874 receptam
1722 826 1781 863 vel

276 894 364 931 inde
395 898 520 941 patet,
551 893 653 941 quod
683 893 832 931 demum
864 904 964 930 anno
993 892 1157 939 amplius
1186 894 1274 938 post
1301 890 1486 936 templum
1513 888 1637 927 Deliis
1665 887 1783 926 tradi-

280 960 358 993 tum
390 960 459 1002 est,
489 960 531 992 ut
560 967 579 993 e
608 955 721 992 titulo
743 958 873 993 nostro
902 955 1147 1002 perspicitur.
1191 952 1381 1000 Equidem
1410 963 1486 990 non
1515 950 1662 998 dubito,
1691 951 1782 999 quin

278 1019 406 1056 statim
443 1021 531 1065 post
566 1029 732 1065 pugnam
768 1018 816 1054 ad
854 1019 1160 1065 Aegospotamos
1198 1015 1335 1053 factam
1373 1014 1662 1052 Atheniensium
1704 1025 1782 1052 am-

278 1081 504 1129 phictyones
535 1092 558 1118 a
586 1082 709 1119 Deliis
743 1080 887 1127 templo
917 1084 955 1117 et
981 1080 1108 1117 insula
1135 1079 1237 1126 pulsi
1266 1079 1360 1124 sint3
1397 1075 1465 1114 sed
1492 1077 1620 1124 magni
1649 1087 1780 1115 eorum

275 1145 475 1190 intererat,
508 1143 608 1180 huuc
637 1147 778 1180 statum
808 1153 935 1180 rerum
963 1141 1173 1189 templique
1192 1140 1412 1178 libertatem
1441 1139 1556 1176 etiam
1584 1138 1668 1186 lege
1697 1149 1784 1176 san-

276 1207 346 1242 ciri
382 1205 853 1251 Lacedaemoniorumque
893 1204 1124 1241 auctoritate
1158 1201 1377 1250 prohiberi,
1412 1213 1460 1239 ne
1488 1204 1627 1249 postea
1652 1201 1784 1239 melio-

277 1268 383 1305 ribus
420 1268 656 1316 reipublicae
695 1267 933 1314 temporibus
962 1266 1218 1303 Athenienses
1253 1263 1384 1302 denuo>
1406 1267 1640 1301 conarentur
1667 1274 1784 1311 pecu·

277 1333 427 1369 niarum
458 1342 655 1369 sacrarum
685 1330 1057 1368 administrationem
1091 1327 1301 1366 vindicare.
1357 1325 1436 1364 Cur
1463 1329 1591 1364 autem
1620 1325 1691 1364 hoc
1719 1325 1783 1363 de-

277 1405 377 1431 mum
408 1398 580 1441 tempore
616 1405 639 1431 a
666 1393 982 1431 Lacedaemoniis
1012 1392 1212 1439 petierint,
1246 1394 1290 1428 ut
1323 1389 1371 1428 de
1406 1389 1550 1437 templo
1585 1388 1783 1427 reddendo

276 1456 348 1493 sibi
389 1459 589 1494 caveretur
624 1457 725 1493 inter
753 1457 860 1503 pacis
889 1454 1146 1501 condiciones,
1175 1453 1377 1499 nescimus,
1407 1451 1474 1490 sed
1502 1450 1615 1490 facile
1647 1455 1707 1489 est
1734 1451 1783 1489 ad

277 1518 540 1556 coniciendum
563 1529 607 1556 eo
628 1522 812 1565 tempore,
834 1529 909 1565 quo
931 1516 1132 1564 Lysander
1152 1515 1326 1553 Athenas
1347 1514 1561 1561 obsidebat,
1581 1518 1625 1552 ut
1643 1513 1783 1552 multos

277 1581 375 1618 alios
405 1592 470 1619 eos
499 1582 717 1628 speravisse
739 1581 993 1618 Athenienses
1022 1590 1045 1617 a
1065 1578 1381 1617 Lacedaemoniis
1409 1577 1459 1615 ad
1478 1578 1780 1616 internecionem

277 1642 476 1680 redactum
505 1643 565 1679 iri.

380 1706 542 1753 Quoquo
579 1705 691 1743 modo
730 1705 824 1743 haec
858 1716 898 1743 se
934 1705 1096 1750 habent,
1131 1703 1226 1741 illud
1269 1702 1475 1741 tenendum
1509 1705 1603 1750 puto
1639 1702 1784 1750 templa

279 1767 402 1805 Deliis
432 1768 585 1806 reddita
613 1780 696 1806 esse
726 1768 859 1806 eodem
887 1772 1013 1816 pacto,
1043 1779 1118 1815 quo
1148 1767 1370 1804 Eleusinem
1398 1766 1514 1803 etiam
1542 1765 1590 1803 ab
1618 1765 1783 1804 Athenis

283 1832 533 1869 seiunxerunt
561 1831 867 1869 Lacedaemonii.
914 1830 1049 1878 Neque
1070 1831 1274 1878 quicquam
1303 1828 1443 1875 obstat,
1472 1827 1673 1875 quominus
1693 1827 1783 1866 Plu-

278 1893 411 1931 tarcho
441 1894 554 1930 etiam
583 1891 693 1930 fidem
715 1892 924 1930 habeamus
946 1892 1178 1930 Pausaniam
1206 1902 1346 1938 regem,
1373 1893 1508 1938 utpote
1534 1901 1646 1938 quem
1665 1889 1782 1928 Athe·

278 1955 474 1993 niensibus
504 1967 616 2003 quam
647 1956 809 1992 maxime
839 1954 1032 1992 studuisse
1061 1958 1143 1992 tota
1168 1953 1438 2001 Xenophontis
1466 1953 1687 1991 narratione
1715 1951 1781 1991 de·

278 2022 531 2064 monstretur,
574 2018 772 2055 Deliorum
814 2017 961 2063 legatos
1004 2016 1193 2054 dimisisse
1235 2014 1401 2053 ludibrio
1439 2014 1612 2053 affectos:
1653 2018 1785 2062 potest

282 2082 380 2118 enim
410 2080 550 2118 factum
581 2092 684 2127 esse,
713 2085 756 2117 ut
785 2091 883 2127 quae
912 2091 979 2117 rex
1009 2080 1055 2117 iis
1084 2083 1313 2127 negaverat,
1341 2079 1595 2125 impetrarent
1621 2087 1646 2115 a
1673 2077 1784 2125 quin-

279 2142 495 2180 decimviris
531 2143 606 2180 illis
643 2143 690 2181 ab
727 2142 880 2190 ephoris
916 2143 1062 2189 missis,
1097 2142 1327 2190 praesertim
1364 2151 1448 2178 cum
1487 2140 1607 2179 Deliis
1640 2138 1781 2178 favisse

278 2206 454 2244 videatur
489 2206 690 2253 Lysander
723 2227 772 2232 ——
810 2210 889 2243 tres
923 2216 1086 2243 coronas
1120 2209 1224 2242 certe
1246 2213 1398 2252 ¹aureas
1433 2201 1576 2241 dicavit
1609 2202 1782 2250 Apollini

278 2269 388 2306 Delio
418 2269 544 2315 magni
574 2268 754 2315 pretii.⁹).

381 2329 441 2366 Ex
462 2330 529 2375 eis,
560 2341 658 2376 quae
679 2333 885 2367 consecuta
911 2333 1010 2376 sunt,
1040 2327 1276 2376 temporibus
1298 2339 1368 2376 per
1387 2329 1517 2367 decem
1537 2338 1637 2366 anno
1656 2338 1780 2376 paene

281 2392 375 2429 nihil
403 2391 449 2429 de
478 2392 594 2430 rebus
623 2392 781 2430 deliacis
810 2393 993 2430 habemus
1022 2395 1271 2439 compertum,
1299 2402 1384 2429 cum
1411 2394 1450 2429 et
1477 2391 1686 2439 scriptores
1713 2401 1781 2429 an·

369 2554 400 2596 9)
425 2551 634 2586 Laudantur
660 2560 811 2585 coronae
838 2550 919 2584 illae
946 2550 980 2583 in
1008 2549 1206 2584 inventario
1231 2548 1387 2584 nondum
1420 2547 1533 2593 edito,
1561 2547 1658 2592 quod
1682 2547 1780 2592 Hyp-

280 2610 374 2644 socle
401 2609 570 2643 archonte
597 2610 726 2649 (11.279
751 2618 780 2641 a.
801 2607 882 2641 Chr.
902 2609 948 2649 11.)
976 2606 1215 2650 perscriptum
1238 2610 1291 2640 est
1317 2605 1366 2648 (in
1392 2604 1452 2639 lin.
1478 2607 1523 2640 59
1544 2608 1580 2639 et
1603 2604 1662 2649 91)
1687 2607 1780 2639 teste

279 2666 467 2710 Ilomollio,
492 2665 552 2709 qui
579 2665 672 2699 tituli
699 2664 805 2698 huius
832 2668 951 2708 partes
978 2663 1117 2707 aliquas
1143 2663 1179 2696 in
1205 2661 1457 2697 commentario
1483 2660 1606 2696 attulit
1627 2660 1673 2696 ad
1698 2660 1778 2696 illu·

281 2723 445 2759 strandas
465 2723 606 2757 Demar.
625 2723 721 2756 arch.
740 2722 898 2757 rationes
917 2721 1074 2756 adiecto:
1102 2719 1192 2756 Bull.
1212 2719 1254 2755 de
1272 2720 1369 2754 Corr.
1387 2718 1480 2754 Hell.
1498 2717 1560 2763 VI,
1579 2728 1613 2762 p.
1636 2719 1708 2754 163.
