1979 3326
611 527 1147 589 PRAEFATIO.

131 695 226 761 De
261 722 360 761 Delo
393 723 521 761 insula
555 729 633 761 tam
671 723 780 760 multi
817 723 905 761 libri
949 727 988 760 et
1030 722 1244 770 antiquitus
1281 724 1319 758 et
1353 719 1639 758 recentioribus

131 791 369 840 temporibus
399 796 488 830 sunt
516 793 738 840 conscripti,
767 796 819 837 ut,
851 791 977 829 denuo
1007 791 1038 829 si
1067 791 1153 839 quis
1188 802 1252 828 res
1287 791 1369 828 eius
1398 793 1640 838 pertractan-

133 861 203 900 das
232 861 306 899 sibi
334 863 596 910 proposuerit,
626 862 914 900 excusationem
943 872 1027 899 eum
1047 859 1222 909 proferre
1252 871 1409 898 necesse
1439 859 1490 897 sit
1509 859 1639 896 melio-

130 942 210 968 rem
234 942 348 980 quam
364 931 558 969 Iuvenalis
578 931 672 969 illud
695 931 850 969 stultam
868 930 1108 968 clementiam
1125 941 1209 967 esse
1231 928 1395 966 dicentis
1419 929 1639 976 »periturae

130 1011 292 1049 parcere
321 1000 515 1039 chartae«
579 999 656 1039 Sed
686 999 979 1038 dissertationes
1008 999 1082 1037 hac
1115 1002 1242 1037 aetate
1280 998 1514 1046 superiores,
1543 1008 1641 1045 pau-

132 1070 307 1108 cissimas
336 1070 522 1118 quasdam
555 1071 587 1108 si
616 1071 788 1119 excipias
818 1071 873 1113 (in
895 1069 1034 1118 quibus
1069 1074 1158 1107 sunt
1185 1070 1310 1117 primo
1340 1069 1424 1108 loco
1453 1067 1640 1106 Boeckhii

131 1141 394 1178 commentarii
424 1140 688 1188 appellandi),
725 1141 867 1178 nullius
903 1140 979 1178 iam
1014 1143 1104 1178 sunt
1138 1139 1319 1177 momenti
1355 1138 1405 1177 ad
1439 1138 1640 1176 historiam

131 1209 318 1248 deliacam
353 1209 654 1257 cognoscendam
693 1214 781 1257 post
810 1209 1098 1257 explorationes
1127 1208 1186 1246 his
1223 1207 1425 1246 duodecim
1462 1207 1572 1245 annis
1601 1208 1640 1244 in

128 1279 258 1317 insula
284 1277 407 1317 factas
436 1278 589 1317 scholae
618 1279 934 1326 Francogallicae
963 1278 1199 1317 atheniensis
1228 1278 1336 1315 iussu
1365 1277 1414 1316 ab
1448 1278 1640 1316 Homollio

130 1349 292 1397 aliisque
321 1349 412 1386 viris
441 1348 583 1386 doctis:
613 1360 701 1387 nam
730 1360 814 1386 cum
844 1349 938 1386 artis
959 1352 1207 1386 monumenta
1228 1348 1396 1396 plurima
1424 1351 1504 1385 tum
1526 1347 1641 1385 docu-

133 1421 262 1456 menta
290 1417 538 1466 epigraphica
570 1423 667 1456 1500
696 1418 860 1466 amplius
890 1418 940 1457 ad
968 1419 1209 1456 saeculorum
1236 1430 1303 1456 sex
1324 1418 1491 1466 spatium
1520 1416 1638 1465 perti-

134 1488 266 1526 nentia
294 1499 313 1526 e
334 1488 457 1525 ruinis
486 1491 605 1525 totam
634 1487 798 1525 insulam
820 1488 1083 1536 operientibus
1111 1488 1151 1525 in
1177 1488 1299 1525 lucem
1322 1491 1411 1525 sunt
1430 1490 1640 1535 protracta,

130 1557 269 1607 quibus
297 1560 381 1595 tota
407 1561 542 1595 nostra
568 1568 697 1595 rerum
718 1557 805 1595 Deli
834 1561 872 1595 et
890 1557 1132 1605 publicarum
1154 1561 1192 1595 et
1212 1568 1410 1595 sacrarum
1431 1560 1547 1604 atque
1578 1556 1635 1593 in-

130 1627 263 1676 primis
289 1626 422 1675 templi
450 1627 645 1675 Apollinei
671 1626 1016 1665 administrationis
1043 1627 1210 1674 cognitio
1241 1627 1379 1664 mirum
1409 1627 1448 1664 in
1486 1625 1640 1664 modum

131 1695 338 1735 adiuvatur
357 1700 473 1744 atque
489 1695 755 1744 amplificatur.
797 1697 1034 1745 Quamquam
1053 1696 1380 1741 documentorum,
1402 1707 1500 1744 quae
1516 1695 1642 1734 adhuc

131 1767 289 1804 inventa
316 1769 419 1813 sunt,
447 1777 540 1814 pars
569 1770 718 1804 tantum
746 1778 871 1814 neque
900 1767 955 1805 ita
982 1777 1122 1814 magna
1151 1770 1209 1804 est
1236 1766 1379 1814 publici
1409 1766 1505 1803 iuris
1539 1764 1641 1803 facta

132 1839 249 1884 atque
269 1833 366 1874 haec
385 1835 538 1883 quidem
567 1836 852 1874 commentariis
880 1836 1196 1874 luculentissimis
1217 1836 1414 1874 illustrata
1434 1835 1482 1873 ab
1502 1835 1639 1873 iisdem

132 1905 224 1942 viris
260 1903 515 1952 doctissimis,
557 1906 733 1953 inprimis
769 1905 817 1943 ab
853 1905 1063 1953 Homollio,
1109 1906 1217 1943 cuius
1252 1917 1391 1944 nomen
1425 1906 1640 1944 arctissimo

131 1984 287 2021 semper
314 1973 466 2012 vinculo
496 1984 581 2011 cum
618 1973 822 2012 annalibus
851 1973 1011 2012 deliacis
1048 1975 1122 2012 erit
1158 1976 1417 2013 coniunctum.
1481 1975 1531 2012 At
1569 1974 1640 2012 hae

133 2041 427 2081 dissertationes
456 2043 682 2091 plerumque
711 2043 750 2080 id
781 2047 970 2091 spectant,
1000 2048 1043 2081 ut
1064 2045 1309 2092 explicentur
1338 2048 1376 2083 et
1395 2045 1490 2083 artis
1510 2056 1641 2082 monu-

134 2114 265 2150 menta
284 2116 323 2150 et
344 2112 445 2150 tituli
473 2123 551 2150 una
580 2112 687 2159 editi,
716 2117 874 2160 praeter
893 2125 1051 2161 paucas,
1083 2114 1223 2162 quibus
1254 2115 1438 2153 continua
1466 2115 1640 2153 oratione

132 2181 307 2228 quaestio
336 2181 468 2230 aliqua
486 2185 677 2220 tractatur
706 2181 754 2220 ad
784 2183 1040 2231 antiquitates
1071 2183 1240 2222 deliacas
1268 2185 1481 2232 pertinens
1511 2188 1553 2222 ut
1573 2184 1641 2221 ali-

134 2253 230 2298 quot
264 2249 447 2289 Homollii
482 2250 591 2290 libris
626 2252 665 2289 in
703 2252 889 2300 opusculo
918 2264 1001 2291 meo
1037 2254 1192 2301 saepius
1228 2254 1436 2302 appellatis
1473 2276 1522 2280 ——
1552 2265 1642 2291 nus-

135 2329 249 2368 quam
277 2319 516 2368 reipublicae
546 2320 717 2359 deliacae
746 2319 952 2368 disciplina
980 2322 1160 2360 universa
1189 2334 1260 2370 per
1288 2327 1410 2361 totum
1431 2323 1639 2371 antiquita-

133 2388 182 2426 tis
210 2391 361 2437 tempus
389 2394 654 2438 pertractatur
682 2395 798 2439 atque
827 2391 1047 2430 illustratur
1075 2392 1258 2430 adhibitis
1288 2392 1463 2430 omnibns
1502 2393 1639 2439 titulis,

135 2458 201 2507 qui
228 2469 351 2507 usque
379 2458 430 2497 ad
457 2459 530 2498 hoc
558 2464 710 2508 tempus
738 2460 883 2508 publici
911 2461 1007 2499 iuris
1038 2466 1128 2500 sunt
1156 2461 1260 2499 faeti.
1317 2460 1455 2500 Conati
1486 2461 1639 2510 quidem

132 2532 223 2566 sunt
252 2528 326 2567 hoc
344 2527 472 2568 facere
501 2534 540 2568 et
559 2530 787 2578 Attingerus
817 2537 855 2568 et
873 2531 1062 2578 Nenzius3
1092 2531 1160 2570 sed
1181 2544 1227 2570 110
1256 2531 1323 2569 illa
1343 2530 1509 2579 quidem,
1541 2542 1639 2579 quae

130 2596 207 2634 iam
246 2597 296 2636 ab
333 2597 526 2637 Homollio
561 2599 725 2648 aliisque
761 2601 853 2638 viris
890 2600 1014 2639 doctis
1050 2601 1269 2649 singulatim
1307 2605 1418 2639 erant
1453 2602 1640 2647 exposita,

133 2665 463 2714 comprehendere
492 2672 609 2717 atque
638 2669 677 2706 in
706 2679 821 2707 unum
850 2671 1084 2718 coniungere
1119 2674 1342 2718 potuerunt,
1380 2675 1423 2708 ut
1458 2670 1639 2708 lectorem

134 2744 212 2772 non
240 2735 334 2774 satis
354 2734 490 2774 harum
517 2738 785 2786 quaestionum
806 2739 974 2787 peritum
995 2740 1033 2777 in
1054 2751 1223 2778 errorem
1252 2741 1381 2788 potius
1401 2739 1638 2778 inducerent.

132 2801 212 2841 Iam
240 2807 361 2854 patet,
391 2805 482 2843 mihi
512 2806 605 2857 quid
633 2809 924 2857 proposuerim:
955 2819 1054 2859 quae
1083 2821 1153 2858 per
1189 2810 1314 2848 varias
1344 2809 1639 2848 dissertationes
