1957 3293
885 285 1188 328 -108—

289 411 435 452 230.⁸⁰)
490 411 687 449 Mentione
716 411 827 449 etiam
857 410 1010 458 dignum
1040 415 1110 458 est,
1139 410 1241 459 quod
1270 415 1348 449 tum
1376 412 1538 460 primum
1567 415 1655 460 post
1682 412 1784 450 insu·

291 474 362 511 lam
387 474 620 512 Athenarum
641 474 898 513 dominatione
919 474 1120 512 liberatam
1149 475 1284 512 civium
1312 474 1601 513 Atheniensium
1630 475 1785 514 nomina

291 536 416 574 denuo
454 541 659 574 occurrunt
699 539 734 574 in
779 538 899 575 titulis
941 537 1166 581 deliacis.⁸¹)
1222 537 1340 575 Simul
1381 549 1464 576 cum
1508 538 1566 575 his
1608 537 1783 576 omnibus

293 604 483 647 apparent
518 601 631 637 etiam
667 600 837 638 homines
867 613 912 638 ex
947 600 1116 638 Orientis
1150 600 1325 648 partibus
1360 600 1530 647 oriundi,
1558 600 1782 648 Phoenices,

294 664 466 711 inprimis
496 663 601 710 Tyrii
632 666 669 701 et
697 664 842 709 Aradii,
873 664 936 710 qui
965 664 1001 700 in
1031 663 1162 711 populi
1191 663 1373 709 decretis,
1403 675 1563 712 quorum
1591 664 1681 702 item
1710 663 1782 702 Te·

296 725 502 763 lemnestus
531 730 665 764 auctor
699 725 788 772 fuit,
817 724 1093 772 la11(lantn1·‚⁸²)
1126 726 1384 764 Laodicenses
1412 730 1661 774 mercatores,
1691 739 1782 776 quo-

291 800 373 826 rum
410 800 547 826 nomen
582 790 619 826 in
655 793 806 827 statuae
841 789 924 826 basi
960 794 1086 827 exstat
1119 789 1167 827 ab
1196 791 1242 828 iis
1270 789 1478 828 Heliodoro
1505 790 1654 838 positae
1682 791 1783 838 regis

291 851 440 890 Seleuci
461 851 722 900 Philopatoris
743 853 917 891 ministro
938 853 1193 899 notissim083)
1223 853 1457 901 (appellatur
1475 854 1573 892 enim
1603 855 1716 893 etiam
1744 855 1783 892 in

290 916 611 954 Maccahaeorum
633 916 759 960 libro).
808 916 917 954 Hanc
937 921 1154 955 exterorum
1175 917 1367 955 hominum
1388 916 1641 966 frequentiam
1668 918 1782 955 etiam

289 979 432 1026 templa
461 979 725 1018 demonstrant
753 981 791 1018 in
821 981 1010 1028 Apollinis
1039 992 1150 1019 sacra
1177 981 1303 1019 insula
1331 980 1412 1019 deis
1440 981 1641 1029 aegyptiis,
1671 979 1783 1019 Sara-

293 1043 385 1090 pidi,
415 1043 518 1089 Isidi,
549 1043 718 1081 Anubidi
748 1043 951 1082 aedificata
979 1048 1016 1081 et
1043 1043 1195 1092 publice
1225 1043 1389 1092 quidem,
1418 1047 1461 1082 ut
1487 1043 1576 1082 inde
1604 1043 1782 1091 colligere

288 1118 510 1153 possumus,
547 1107 649 1154 quod
687 1108 725 1144 in
761 1107 1054 1155 hieropoeorum
1090 1106 1231 1145 tabulis
1268 1108 1408 1146 mentio
1442 1106 1485 1146 fit
1517 1106 1702 1156 pecuniae
1736 1117 1782 1144 ex

287 1171 439 1207 aerario
478 1181 588 1207 sacro
625 1181 816 1218 expensae
853 1170 901 1208 ad
936 1170 1229 1208 restaurandum
1269 1168 1373 1207 οἶκον
1407 1169 1472 1207 τὸν
1506 1168 1548 1208 ἐν
1575 1172 1631 1221 τῷ
1655 1168 1783 1219 Σαρα-

285 1231 462 1281 πιείῳ.84)
526 1233 631 1280 Quae
672 1234 816 1282 templa
856 1246 932 1272 non
973 1234 1093 1272 multo
1135 1237 1222 1272 ante
1263 1234 1408 1272 saeculi
1442 1233 1599 1272 secundi
1632 1234 1782 1272 initium

286 1300 486 1333 exstructa
515 1307 598 1334 esse
634 1296 722 1334 inde
758 1297 848 1334 mihi
887 1296 984 1335 effici
1019 1297 1189 1344 videtur,
1219 1296 1320 1345 quod
1348 1297 1537 1335 rarissimi
1564 1297 1665 1335 tituli
1693 1299 1783 1335 sunt

286 1359 323 1396 in
346 1360 391 1396 iis
414 1360 569 1405 inventi,
591 1372 686 1408 quos
709 1371 866 1398 necesse
887 1361 938 1398 sit
957 1360 1006 1398 ad
1026 1364 1176 1408 tempus
1204 1361 1349 1399 recenti
1379 1359 1636 1399 dominatione
1664 1360 1783 1398 attica

287 1423 464 1469 superius
485 1422 700 1470 referre.⁸⁵)
747 1424 808 1462 Ad
829 1423 986 1462 eandem
1014 1424 1230 1472 opinionem
1259 1422 1448 1461 adductus
1477 1426 1537 1461 est
1554 1423 1781 1470 Homollius,

286 1496 370 1522 cum
398 1485 731 1524 animadvertisset
759 1487 796 1523 in
817 1487 986 1534 singulos
1016 1497 1136 1525 annos
1166 1498 1249 1524 esse
1278 1486 1495 1524 imminutas
1522 1487 1705 1534 pecunias
1734 1498 1781 1525 ex

287 1549 388 1595 agris
409 1549 544 1586 locatis
574 1549 792 1595 redeuntes,
820 1548 1078 1587 aedificiorum
1100 1552 1224 1587 autem
1246 1549 1373 1597 pretia
1392 1553 1517 1593 aucta,
1547 1548 1650 1597 quod
1676 1552 1780 1587 recte

287 1612 539 1649 certissimum
576 1614 725 1660 putavit
759 1613 1025 1651 documentum
1055 1613 1263 1650 crescentis
1290 1613 1330 1650 in
1358 1611 1439 1650 dies
1467 1612 1685 1651 commercii
1713 1611 1778 1651 ho-

284 1675 501 1723 minumque
531 1675 821 1720 affluentiae.⁸⁶›
864 1675 1099 1713 Crescebant
1127 1675 1304 1714 videlicet
1332 1675 1419 1714 Deli
1448 1687 1601 1724 quoque
1629 1675 1778 1714 insulae

285 1737 463 1776 fortunae
507 1743 548 1776 ut
590 1740 748 1787 emporii
785 1741 884 1777 inter
920 1739 1113 1777 Orientem
1153 1743 1191 1776 et
1226 1738 1470 1777 Occidentem
1506 1739 1586 1786 siti,
1623 1750 1670 1776 ex
1703 1749 1778 1787 quo

286 1804 552 1840 commercium
582 1805 704 1851 ipsum
735 1805 834 1841 inter
866 1807 1067 1851 utramque
1097 1803 1200 1841 orbis
1233 1807 1424 1842 terrarum
1451 1806 1599 1851 partem
1629 1802 1668 1840 in
1697 1801 1779 1841 dies

284 1864 500 1910 augebatur
535 1870 573 1904 et
600 1871 808 1914 coeperant
835 1867 959 1904 Italici
988 1867 1105 1914 magis
1133 1867 1329 1914 magisque
1358 1867 1504 1904 animos
1532 1865 1582 1904 ad
1610 1865 1778 1904 Orientis

285 1926 437 1966 divitias
467 1929 732 1977 luxuriamque
759 1930 966 1978 applicare.
1011 1929 1085 1967 Sed
1114 1929 1209 1968 haec
1236 1930 1321 1977 ipsa
1347 1929 1617 1978 prosperitatis
1645 1928 1775 1967 Delio-

285 2002 367 2028 rum
397 2002 513 2030 causa
541 1994 653 2031 etiam
684 1994 817 2031 ruinae
845 1992 927 2030 fuit..

284 2128 441 2157 vatorum
467 2123 647 2157 hominum
674 2123 767 2157 (lona
791 2127 1120 2167 commemorantur,
1150 2132 1230 2157 cum
1253 2122 1296 2157 de
1322 2122 1462 2157 coronis
1487 2132 1510 2157 a
1533 2121 1684 2158 ducibus
1707 2121 1778 2157 Ro-

284 2181 397 2215 manis
423 2180 551 2215 dicatis
577 2181 645 2214 iam
673 2191 782 2225 supra
807 2181 1020 2216 mentionem
1045 2180 1200 2215 fecerim.
1294 2180 1339 2221 ⁸⁰)
1364 2179 1528 2215 Ridicule
1554 2183 1610 2215 est
1633 2178 1777 2223 factum,

283 2237 376 2281 quod
404 2238 537 2281 primns
569 2238 672 2272 homo
699 2238 895 2282 Romanus,
928 2238 988 2282 qui
1021 2238 1122 2273 nobis
1149 2237 1229 2272 Deli
1261 2237 1416 2273 occurrit
1448 2237 1498 2279 (in
1523 2235 1627 2272 titulo
1652 2235 1777 2271 chora-

284 2295 361 2337 gico
380 2294 534 2329 Phillide
553 2295 722 2330 archonte
742 2296 787 2341 [a.
807 2296 888 2341 259]
908 2295 1056 2340 scripto)
1073 2295 1200 2329 mimus
1218 2293 1515 2337 (θαυματοποιός)
1532 2292 1611 2339 fuit,
1629 2292 1776 2329 Serdon.

373 2353 417 2397 8¹)
444 2353 683 2387 Menestratns
703 2353 934 2388 Atheniensis
957 2353 1086 2398 φιάλην
1113 2352 1179 2387 deo
1197 2351 1379 2387 dicaverat
1396 2350 1582 2386 Cosmiade
1605 2349 1776 2385 archonte

283 2415 329 2449 (a.
360 2414 449 2455 198);
478 2411 617 2446 Demar.
645 2411 741 2445 arch.
768 2411 836 2445 inv.
864 2411 923 2446 lin.
949 2413 1095 2446 37—38.
1217 2410 1264 2452 82)
1289 2408 1450 2445 Homolle
1478 2408 1681 2453 »Rapport«
1709 2413 1775 2444 etc.

285 2480 316 2512 p.
343 2472 397 2511 29,
423 2479 455 2502 n.
482 2472 534 2503 21.
650 2470 696 2508 ⁸³)
724 2468 814 2502 Bull.
841 2468 873 2502 d.
900 2468 996 2502 Corr.
1024 2467 1116 2502 Ilell.
1143 2467 1169 2512 1,
1196 2478 1229 2512 p.
1256 2469 1333 2502 285.
1441 2466 1485 2511 ⁸⁴)
1511 2465 1652 2501 Demar.
1678 2465 1775 2502 arch.

283 2531 348 2559 rat.
375 2525 434 2559 lin.
461 2528 537 2560 220.
676 2527 721 2567 ³⁵)
748 2526 812 2560 Vel
840 2526 958 2570 potius
984 2537 1075 2560 unus
1100 2530 1237 2560 tantum
1264 2524 1308 2559 ob
1339 2523 1493 2560 dicantis
1516 2533 1644 2558 nomen
1669 2523 1776 2559 Amni

285 2582 522 2617 llierombroti
542 2582 575 2626 f.‚
602 2583 809 2627 saepissime
836 2583 871 2617 in
898 2583 1011 2617 titulis
1030 2583 1162 2617 liberae
1188 2581 1406 2626 reipublicae
1433 2579 1591 2616 delineas
1616 2584 1775 2626 tempore

284 2640 426 2685 scriptis
451 2651 657 2676 occurrens:
686 2641 777 2675 Bnll.
804 2641 835 2675 d.
863 2643 958 2675 Corr.
986 2641 1077 2675 IIell.
1104 2640 1163 2684 VI,
1189 2651 1221 2685 p.
1247 2642 1323 2675 341.
1431 2639 1475 2685 Β6)
1500 2638 1592 2674 Βιι11.
1618 2638 1651 2675 d.
1676 2639 1774 2675 Corr.

285 2697 376 2731 llell.
402 2697 461 2740 Vl,
488 2708 520 2742 p.
546 2699 608 2732 65:
635 2697 697 2732 cfr.
723 2697 831 2732 etiam
857 2697 1014 2732 tabulam
1040 2696 1088 2731 ibi
1114 2695 1343 2741 propositam.
