1979 3326
759 276 1066 318 —131—

166 403 323 441 nomina
350 401 510 440 diversis
538 402 648 440 annis
676 403 715 439 in
741 402 857 440 variis
884 402 1177 450 magistratuum
1204 400 1374 449 collegiis
1402 401 1573 438 invenias
1600 411 1659 439 re-

164 467 308 514 petita,
343 466 450 504 cuius
477 466 534 503 rei
563 466 737 513 exempla
764 465 947 503 nonnulla
976 476 995 502 e
1024 467 1269 512 quaestorum
1298 468 1336 501 et
1363 464 1657 512 hieropoeorum

166 529 337 577 collegiis
371 528 501 567 attulit
532 528 764 576 Homollius,
805 529 881 566 alia
914 527 1109 576 equidem,
1144 538 1228 564 cum
1263 526 1309 565 de
1345 527 1480 565 scribis
1516 527 1660 575 epista-

164 593 291 641 tisque
325 592 444 630 verba
477 590 550 630 feci
577 614 627 618 —
655 592 746 639 quin
782 593 896 630 etiam
930 602 1053 639 paene
1086 594 1254 628 totarum
1287 589 1515 628 familiarum
1545 594 1659 627 stem-

165 658 270 693 mata
297 665 317 692 0
345 653 453 693 fastis
480 655 685 692 restituere
713 654 854 702 possis:
893 653 995 702 quod
1022 665 1098 691 11011
1126 652 1234 691 video
1264 652 1452 700 quomodo
1480 651 1564 690 fieri
1591 664 1658 699 po-

167 718 298 765 tuerit,
327 718 360 756 si
386 718 521 756 sortito
551 729 598 755 ex
624 717 811 755 universis
831 716 952 755 Deliis
980 717 1225 764 magistratus
1255 715 1517 763 capiebantur,
1546 715 1657 753 facile

165 791 256 819 vero
283 781 530 829 intellegitur,
558 781 590 818 si
618 791 642 818 a
667 781 810 828 populo
839 780 980 818 electos
1009 780 1225 826 statuimus,
1254 789 1338 816 cum
1359 790 1510 827 semper
1539 779 1654 816 etiam

163 843 325 882 Athenis
360 843 550 891 suffragiis
584 844 939 891 praestantissimus
976 844 1138 891 quisque
1174 853 1312 890 genere
1348 843 1408 879 vel
1436 842 1578 879 divitiis
1607 841 1656 879 ad

163 918 328 945 summos
355 907 600 955 magistratus
619 906 806 954 gerendos
828 906 1038 944 efferretur.
1088 905 1320 952 Quaestores
1349 904 1502 953 quidem
1529 904 1658 942 hiero-

161 981 357 1018 poeosque
384 973 530 1008 certum
556 969 648 1007 mihi
674 969 824 1007 videtur
852 980 934 1007 esse
964 969 1122 1007 electos:
1159 979 1243 1006 cum
1272 970 1369 1006 enim
1398 973 1458 1006 ter
1483 968 1653 1016 legamus

163 1033 274 1072 binos
302 1037 526 1082 quaestores
554 1033 702 1081 aliquot
729 1034 839 1071 annis
867 1033 1079 1070 interiectis
1109 1031 1261 1070 eosdem
1289 1031 1400 1069 simul
1426 1031 1651 1079 hieropoeo-

161 1107 246 1134 rum
273 1107 429 1134 munere
456 1095 606 1135 functos
616 1096 664 1143 ⁸⁵)
694 1101 809 1145 atque
829 1097 901 1135 1100
928 1096 1070 1134 factum
1100 1108 1182 1134 esse
1202 1097 1335 1144 viginti
1362 1095 1441 1133 fere
1469 1107 1654 1134 annorum

162 1159 298 1207 spatio,
326 1159 389 1196 vix
408 1160 610 1208 quisquam
638 1161 864 1206 invenietur,
894 1160 959 1207 qui
987 1158 1034 1197 de
1054 1170 1145 1196 casu
1165 1160 1316 1207 cogitet.
1358 1158 1547 1197 Dubitare
1568 1163 1653 1196 tan-

162 1221 356 1260 tummodo
376 1222 466 1261 licet
494 1222 541 1261 de
561 1223 757 1270 archonte,
787 1233 897 1271 quem
925 1223 964 1260 in
983 1223 1111 1259 multis
1140 1222 1357 1260 civitatibus
1379 1222 1518 1260 scimus
1547 1226 1650 1260 sorte

161 1289 352 1332 creatum,
385 1296 470 1323 011111
504 1286 604 1323 inter
631 1287 787 1334 triginta
821 1285 1065 1332 archontum,
1102 1286 1167 1333 qui
1201 1285 1288 1323 inde
1325 1284 1373 1323 ab
1402 1284 1652 1332 Epictemone

161 1360 283 1397 usque
321 1347 370 1386 ad
396 1349 636 1397 Amphiclem
670 1349 742 1387 11οο
768 1361 924 1387 1111111010
961 1352 1049 1386 sunt
1076 1347 1214 1396 functi,
1250 1349 1403 1386 1101111113
1437 1347 1652 1396 quindecim

161 1423 239 1450 11011
266 1412 428 1460 amplius
448 1417 663 1460 occurrant,
692 1425 790 1461 quae
818 1415 931 1451 etiam
951 1414 989 1450 in
1018 1417 1264 1461 quaestorum
1283 1412 1652 1459 hieropoeorumque

161 1475 348 1523 catalogis
368 1476 622 1513 inveniantur.
631 1474 679 1521 ⁸⁵)
727 1475 802 1514 Sed
820 1477 983 1524 primum
1003 1487 1078 1514 non
1098 1479 1155 1513 est
1175 1473 1473 1513 obliviscendum
1503 1485 1550 1511 ex
1578 1474 1655 1510 5111-

161 1538 259 1586 gulis
287 1537 578 1586 hieropoeorum
606 1539 774 1586 collegiis
803 1550 878 1577 non
906 1539 992 1586 plus
1021 1538 1130 1576 binos
1159 1549 1242 1576 esse
1271 1537 1380 1575 nobis
1409 1541 1539 1583 notos,
1569 1548 1653 1574 cum

162 1601 340 1650 quaterni
367 1605 512 1647 essent;
541 1601 678 1640 deinde
698 1603 805 1640 varia
832 1607 947 1650 atque
967 1601 1159 1640 mutabilis
1188 1612 1339 1648 semper
1366 1600 1500 1648 populi
1526 1600 1651 1647 gratia

160 1685 211 1691 —
238 1675 348 1712 quem
376 1664 487 1703 modo
515 1665 666 1711 amavit,
695 1664 786 1712 odit,
816 1665 986 1713 ignotum
1011 1665 1123 1703 hodie
1151 1665 1340 1703 hominem
1369 1674 1455 1701 0135
1484 1662 1533 1700 3(1
1553 1674 1652 1700 511111-

159 1738 241 1766 mos
269 1727 434 1765 honores
454 1727 579 1775 effert3
605 1732 800 1777 postremo
819 1729 1022 1767 archontes
1044 1727 1234 1775 suffragiis
1261 1727 1402 1765 electos
1429 1738 1513 1764 esse
1533 1726 1652 1764 maxi-

159 1801 262 1828 mum
289 1790 380 1828 mihi
414 1790 680 1829 documentum
708 1791 859 1829 videtur
892 1791 1004 1838 illud,
1040 1791 1141 1839 quod
1169 1792 1270 1828 inter
1305 1789 1521 1837 quindecim
1550 1789 1649 1834 illos,

159 1864 320 1902 quorum
354 1855 507 1892 nomina
539 1855 669 1902 attuli,
707 1867 782 1892 non
817 1856 940 1893 minus
976 1855 1143 1903 quinque
1180 1864 1363 1892 summum
1398 1853 1498 1890 hunc
1533 1853 1649 1900 magi-

164 1919 326 1954 stratum
354 1916 483 1964 adepti
511 1921 600 1954 sunt
626 1928 725 1955 anno
752 1921 853 1965 post,
882 1928 995 1965 quam
1020 1917 1310 1965 hieropoeorum
1338 1927 1473 1954 munus
1493 1915 1652 1953 admini-

158 1978 439 2026 straverunt.⁸⁷)
491 1979 674 2019 Fortasse
708 1981 802 2018 satis
837 1991 995 2028 magnus
1031 1991 1162 2018 eorum
1197 1980 1421 2018 archontum
1456 1989 1647 2022 numerus,

246 2075 292 2120 ⁸⁵)
316 2076 518 2120 Antigonus
548 2080 584 2111 et
613 2075 853 2120 Apollodorus
885 2081 1093 2119 quaestores
1126 2085 1147 2109 3
1172 2077 1257 2118 206,
1294 2075 1478 2119 hieropoei
1511 2084 1542 2108 a.
1571 2075 1650 2117 19’1'3

156 2131 338 2177 Empedus
363 2137 400 2167 et
415 2132 613 2177 Apaturius
637 2137 845 2176 quaestores
862 2142 893 2166 3.
918 2136 989 2176 194,
1015 2132 1199 2177 hieropoei
1216 2142 1247 2166 3.
1271 2134 1348 2175 188;
1375 2130 1649 2166 Telesarchides

156 2192 194 2224 et
216 2188 446 2225 Praximenes
471 2194 679 2234 quaestores
703 2199 734 2224 a.
758 2192 836 2234 186,
862 2190 1046 2234 hieropoei
1071 2200 1102 2224 a.
1124 2193 1198 2225 183.
1373 2190 1419 2231 ss)
1445 2188 1649 2224 Cosmiades

157 2255 189 2281 3.
212 2248 276 2282 198
293 2246 442 2292 (hierop.
462 2257 493 2282 a.
512 2250 598 2291 199),
623 2247 803 2291 Diogenes
821 2257 852 2282 3.
873 2250 935 2283 197
953 2247 1101 2292 (hierop.
1120 2257 1151 2282 a.
1166 2249 1258 2290 203),
1283 2246 1521 2291 Apollodorus
1539 2257 1570 2281 3.
1588 2248 1650 2282 196

158 2305 310 2347 (quaest.
328 2313 359 2338 a.
376 2306 453 2349 206,
471 2304 607 2349 hierop.
625 2314 656 2339 a.
677 2307 767 2349 197),
792 2304 994 2349 Polyxenus
1011 2305 1027 2339 I
1045 2315 1076 2339 3.
1099 2308 1161 2341 193
1185 2305 1337 2350 (hierop.
1363 2316 1394 2339 3.
1413 2307 1503 2349 202),
1530 2305 1648 2339 Teles-

155 2359 320 2395 archides
337 2359 354 2394 Ι
370 2369 402 2395 3.
424 2363 485 2396 189
512 2364 663 2405 (quaest.
682 2371 712 2395 3.
731 2363 820 2406 202),
847 2361 1029 2405 Empedus
1047 2372 1078 2396 a.
1102 2364 1162 2397 187
1188 2366 1338 2406 (quaest.
1358 2373 1387 2396 3.
1411 2365 1482 2402 194.
1511 2362 1647 2406 hierop.

155 2426 186 2451 a.
207 2417 294 2462 188),
318 2416 521 2452 Demetrius
538 2427 569 2452 3.
592 2420 653 2453 185
670 2417 820 2462 (hierop.
839 2428 870 2452 a.
893 2419 978 2462 186),
1003 2418 1201 2463 Apaturius
1219 2429 1250 2453 a.
1272 2422 1334 2455 183
1351 2423 1502 2463 (quaest.
1521 2430 1552 2453 a.
1576 2422 1648 2463 194,

153 2474 289 2519 hierop.
314 2484 346 2509 3.
373 2477 467 2520 188),
502 2475 771 2511 Telesarchides
798 2476 831 2510 lI
857 2486 888 2510 a.
911 2478 973 2511 182
999 2480 1149 2520 (quaest.
1177 2486 1207 2510 3.
1232 2479 1310 2520 186,
1342 2477 1478 2521 hierop.
1504 2486 1535 2510 3.
1558 2479 1647 2519 183),

154 2531 361 2569 Phocaeeus
385 2533 401 2568 I
426 2543 456 2568 a.
479 2536 536 2569 181
567 2534 714 2578 (hierop.
741 2544 771 2568 3.
795 2535 879 2578 192),
906 2533 1113 2569 Ρ1100300115
1129 2534 1164 2568 11
1189 2544 1220 2568 3.
1243 2537 1304 2570 177
1330 2537 1482 2578 (quaest.
1507 2543 1537 2567 3.
1562 2534 1646 2577 180).

154 2589 355 2635 Polyxenus
379 2591 413 2626 Π
438 2601 470 2626 3.
499 2593 561 2627 176
585 2591 734 2636 (hierop.
761 2601 791 2626 a.
822 2594 910 2635 180),
939 2591 1151 2627 Parmenion
1177 2601 1207 2626 3.
1238 2593 1299 2627 174
1324 2592 1471 2636 (hierop.
1498 2602 1528 2625 a.
1560 2594 1647 2634 182),

154 2647 363 2683 Theodorus
387 2658 419 2683 3.
441 2649 502 2684 172
526 2648 676 2693 (hierop.
703 2659 733 2683 3.
756 2651 844 2692 176),
870 2649 1086 2684 Timoxenus
1111 2659 1142 2683 3.
1165 2651 1222 2684 171
1251 2649 1398 2693 (hierop.
1425 2659 1455 2683 3.
1478 2652 1562 2693 176).

242 2705 287 2750 ⁸⁷)
311 2704 516 2741 Cosmiades
533 2715 564 2740 3.
585 2708 660 2750 198,
685 2705 923 2750 Apollodorus
942 2716 973 2741 3.
996 2709 1068 2746 196,
1095 2706 1275 2750 Empedus
1292 2716 1323 2740 3.
1346 2709 1418 2750 187,
1444 2705 1646 2740 Demetrius

154 2769 186 2795 3.
205 2762 281 2805 186,
301 2761 573 2797 Telemchides
597 2762 632 2797 n
657 2771 688 2797 3
710 2765 783 2798 182.
1326 2808 1370 2844 9*
