1957 3326
907 323 1189 364 -70-

298 446 535 495 reipublicae
564 451 738 496 tempore
774 449 967 496 cognitum
996 447 1205 486 habeamus
1234 447 1368 487 decem
1396 448 1587 488 drachmis
1614 459 1692 488 nou
1719 459 1799 488 am-

297 510 398 558 plius
428 522 475 548 ex
503 510 575 548 hoc
602 511 779 559 vectigali
808 510 1039 555 rediisse-⁵⁸)

401 573 524 611 Venio
552 574 627 611 iam
656 573 705 611 ad
731 575 925 622 impensas
946 578 1193 622 quaestorum
1214 572 1500 621 examinandas,
1528 585 1691 622 quarum
1709 585 1799 622 par-

297 640 372 674 tem
402 635 578 684 quidem,
613 639 787 684 sumptus
825 635 909 674 dico
945 637 1067 684 primo
1095 637 1262 674 triennio
1299 635 1349 674 ad
1377 636 1559 674 sollemne
1587 637 1800 685 quinquen-

299 698 386 736 nale
422 697 694 736 celebrandum
735 697 877 745 factos,
918 699 993 736 iam
1036 699 1130 736 satis
1172 697 1264 735 mihi
1300 700 1560 746 pertractasse
1596 697 1800 744 videonw)

297 760 432 810 Neque
461 761 583 798 multa
611 763 711 807 sunt,
741 772 840 808 quae
869 761 916 798 de
936 761 1095 808 reliquis
1117 759 1191 798 dici
1219 763 1393 808 possunt,
1422 760 1600 808 quoniam
1629 763 1719 798 sunt
1745 760 1801 798 la·

299 824 406 861 cunis
435 823 574 861 misere
593 823 804 869 laceratae3
833 834 921 862 nam
941 823 1034 869 fere,
1064 824 1312 871 pecuniarum
1341 822 1408 860 ubi
1436 833 1605 861 summae
1634 825 1800 870 exstant,

298 884 580 923 interciderunt
608 895 664 930 ea,
694 884 742 922 ad
773 895 871 932 quae
899 889 988 922 sunt
1015 895 1219 932 expensae,
1248 883 1313 922 ubi
1342 895 1433 923 vero
1461 884 1558 922 haec
1584 884 1645 922 vel
1671 885 1800 933 legere

301 947 359 985 vel
389 948 612 985 coniectura
639 947 733 984 satis
754 950 861 984 certa
879 947 1033 994 assequi
1052 957 1269 994 possumus,
1298 945 1568 984 desiderantur
1586 946 1693 985 illae:
1723 958 1802 985 om-

303 1011 394 1048 nino
423 1011 540 1058 igitur
567 1009 702 1048 tabula
736 1010 995 1057 impensarum
1029 1009 1068 1046 in
1101 1009 1291 1056 integrum
1324 1010 1478 1047 restitui
1505 1020 1580 1047 non
1607 1012 1737 1058 potest
1763 1013 1802 1047 et

299 1074 392 1112 satis
423 1074 496 1111 erit
523 1072 570 1110 de
600 1071 829 1121 quibusdam
857 1072 1014 1110 maioris
1042 1073 1223 1110 momenti
1251 1071 1377 1123 rebus·
1394 1071 1563 1110 breviter
1581 1071 1799 1117 admonere,

388 1181 434 1222 ⁵8)
460 1180 603 1215 Demar.
630 1179 726 1214 arch.
745 1184 811 1214 rat.
838 1179 899 1214 lin.
922 1181 1000 1214 152:
1026 1179 1119 1214 Bull.
1147 1178 1179 1213 d.
1199 1178 1296 1214 Corr.
1314 1178 1408 1214 Heu.
1422 1178 1482 1224 VI,
1507 1189 1541 1224 p.
1563 1180 1712 1224 19-203
1737 1178 1800 1214 cfr.

298 1238 406 1274 etiam
430 1237 482 1272 Le
507 1236 591 1281 Bas,
616 1236 661 1280 Π,
687 1238 787 1272 2092.

388 1295 435 1336 59)
459 1294 582 1328 Pauca
607 1292 771 1328 addenda
796 1292 962 1327 videntur
993 1292 1036 1327 de
1062 1302 1215 1328 coronae
1239 1291 1337 1327 illius
1369 1292 1612 1336 pentetericae
1643 1291 1800 1337 pondere

297 1352 484 1398 pretioque
510 1356 619 1395 atque
645 1350 688 1384 de
714 1350 869 1394 ratione,
903 1360 994 1394 quae
1020 1350 1114 1384 inter
1139 1355 1329 1393 utrumque
1354 1348 1555 1384 intercedit.
1611 1349 1801 1394 Cognitum

297 1409 470 1444 habemus
495 1418 573 1442 eam
596 1406 706 1442 fuisse
730 1407 904 1442 decimam
921 1406 1087 1451 dicatam,
1113 1416 1264 1450 cumque
1281 1410 1424 1441 exstent
1439 1405 1627 1441 duodecim
1643 1405 1681 1440 in
1697 1405 1801 1441 titulo

297 1477 412 1511 nuper
429 1465 473 1500 ab
487 1464 665 1499 Homollio
683 1469 825 1508 reperto
845 1464 949 1499 simul
967 1474 1046 1499 cum
1063 1462 1221 1508 pondere
1239 1463 1460 1508 perscriptae
1480 1462 1686 1506 (Timocrat.
1704 1462 1801 1498 arch.

296 1523 469 1558 inventar.
495 1522 555 1556 lin.
579 1523 750 1556 107—12:
786 1520 878 1555 Bull.
904 1520 936 1555 d.
965 1520 1061 1555 Corr.
1090 1519 1183 1554 Hell.
1209 1520 1259 1564 X,
1286 1531 1308 1564 p
1337 1520 1435 1564 465),
1467 1529 1537 1554 non
1569 1529 1720 1564 magnae
1746 1523 1801 1554 est

297 1591 427 1625 operae
453 1579 591 1624 pondus
616 1583 759 1613 nostrae
785 1578 1012 1622 investigare,
1039 1577 1133 1621 quod
1158 1577 1227 1611 fuit
1243 1577 1311 1623 924>
1327 1576 1399 1621 dr.;
1425 1576 1520 1620 quod
1537 1576 1567 1611 si
1586 1575 1802 1612 conferimus

295 1648 375 1673 cum
401 1637 478 1672 eius
510 1636 642 1681 pretio,
677 1635 771 1679 quod
805 1634 967 1669 mercede
999 1633 1194 1678 argentarii
1226 1633 1369 1667 adiecta
1398 1632 1494 1667 mille
1527 1632 1802 1677 quingentarum

296 1694 547 1729 drachmarum
571 1692 682 1727 fuisse
710 1703 727 1726 e
753 1691 858 1726 titulo
883 1696 1004 1726 nostro
1030 1696 1192 1735 apparet,
1217 1690 1288 1724 iam
1317 1694 1418 1734 patet
1445 1700 1577 1726 aureae
1609 1690 1801 1726 drachmae

296 1751 450 1796 pretium
475 1760 590 1794 neque
622 1752 661 1784 10
685 1758 801 1792 neque
831 1750 893 1795 ¹3¹}
919 1748 1059 1792 argenti
1083 1747 1265 1782 drachmis
1298 1749 1402 1792 (quae
1428 1747 1604 1783 Boeckhii
1627 1748 1697 1784 fuit
1721 1759 1801 1784 sen-

296 1809 424 1853 tentia)
456 1818 521 1854 par
547 1818 642 1842 esse:
675 1806 705 1841 si
731 1805 825 1840 enim
851 1805 905 1840 vel
930 1806 1045 1840 maius
1070 1805 1138 1840 hoc
1171 1805 1402 1849 probaremus
1433 1804 1607 1850 pretium,
1637 1810 1714 1840 tota
1744 1815 1801 1841 co-

295 1877 384 1902 rona
409 1866 467 1900 vix
497 1867 582 1900 1233
599 1863 648 1898 dr.
676 1868 860 1908 aequaret,
893 1869 933 1898 ut
957 1863 1186 1898 statuendum
1213 1868 1308 1898 esset
1332 1863 1576 1907 argentarium
1600 1874 1665 1909 pro
1691 1873 1803 1908 opera

296 1935 362 1960 sua
386 1924 467 1969 plus
492 1925 559 1958 250
576 1922 626 1956 dr.
654 1921 709 1956 vel
735 1921 860 1965 quinta
885 1926 986 1965 parte
1012 1921 1064 1956 rei
1090 1921 1204 1965 ipsius
1230 1920 1424 1965 accepisse,
1449 1920 1486 1955 id
1511 1920 1607 1965 quod
1631 1920 1802 1956 credibile

296 1993 366 2016 non
391 1986 456 2016 est.
511 1978 714 2023 Expeditur
739 1978 951 2022 difficultas,
987 1978 1017 2012 si
1043 1987 1174 2012 aureae
1200 1977 1392 2012 drachmae
1418 1977 1573 2023 pretium
1598 1977 1802 2023 quindecim

296 2037 477 2082 argenteis
503 2046 567 2080 par
592 2035 702 2069 fuisse
730 2034 937 2078 statuimus,
972 2034 1067 2078 quod
1093 2034 1123 2069 si
1148 2039 1220 2079 est,
1253 2044 1404 2069 coronae
1430 2034 1585 2079 pretium
1618 2034 1664 2069 ad
1693 2035 1802 2082 13873r

296 2098 458 2137 augetur,
484 2092 679 2136 argentarii
705 2102 787 2126 vero
815 2102 950 2126 merces
976 2091 1021 2126 ad
1045 2091 1128 2137 1123
1150 2091 1225 2126 fere
1251 2091 1485 2136 imminuitur,
1509 2097 1550 2126 ut
1565 2102 1636 2127 non
1652 2091 1802 2126 multum

296 2151 405 2186 distet
430 2151 474 2185 ab
500 2150 573 2194 illa,
599 2160 706 2193 quam
731 2149 938 2184 Boeckhius
965 2154 1168 2194 sumpserat
1191 2155 1334 2185 centum
1359 2149 1619 2185 drachmarum.
1669 2147 1740 2183 Sed
1757 2158 1802 2183 ne

295 2208 385 2242 haec
411 2207 553 2251 quidem
579 2207 678 2245 λύσις
703 2206 790 2241 satis
815 2207 951 2251 placet,
989 2218 1068 2242 cum
1094 2212 1232 2242 tantum
1257 2208 1335 2242 auri
1362 2208 1517 2252 pretium
1547 2217 1628 2242 cum
1661 2205 1801 2241 ratione

297 2264 440 2299 aliunde
466 2264 568 2299 nobis
593 2263 736 2307 cognita
761 2274 831 2298 non
857 2269 1032 2308 congruat
1058 2286 1096 2290 ψ
1117 2265 1189 2299 alia
1206 2265 1316 2309 igitur
1333 2265 1391 2299 via
1408 2263 1566 2299 ineunda
1582 2268 1645 2299 est„
1688 2263 1800 2298 Athe-

297 2321 351 2355 nis
377 2321 508 2355 scimus
534 2330 555 2354 a
579 2320 863 2363 negotiatoribus
888 2327 1099 2365 usurpatum
1125 2333 1202 2357 esse
1228 2322 1403 2357 talentum
1427 2321 1685 2366 aegineticum,
1721 2331 1801 2356 cum

297 2378 430 2413 nummi
462 2377 543 2411 inde
577 2387 598 2411 a
629 2377 769 2412 Solonis
801 2383 959 2422 tempore
997 2378 1190 2414 ferirentur
1221 2378 1266 2413 ad
1297 2389 1456 2413 normam
1491 2377 1618 2413 talenti
1649 2376 1801 2422 euboici,

297 2435 429 2469 minam
454 2439 573 2468 autem
598 2433 835 2477 aegineticam
856 2439 996 2469 constat
1024 2445 1146 2479 parem
1171 2434 1283 2469 fuisse
1305 2436 1458 2470 138-39
1481 2433 1661 2469 drachmis
1679 2432 1800 2468 euboi-

297 2491 364 2526 cis:
393 2501 476 2535 ergo
505 2491 534 2525 si
560 2500 711 2525 coronae
738 2490 877 2535 pondus
898 2491 1108 2535 aegineticis
1126 2491 1306 2527 drachmis
1324 2496 1485 2526 notatum
1502 2500 1580 2526 esse
1598 2489 1800 2534 statuimus,

296 2547 394 2582 facili
420 2546 693 2582 ratiocinatione
719 2548 945 2592 assequimur
977 2551 1042 2597 923
1069 2549 1120 2584 dr.
1155 2548 1375 2593 aegineticas
1406 2558 1512 2592 pares
1543 2558 1621 2583 esse
1659 2549 1722 2582 128
1747 2546 1798 2582 dr.

297 2605 370 2640 fere
397 2604 567 2649 euboicis,
601 2610 708 2648 atque
734 2605 840 2640 huius
863 2606 942 2640 auri
969 2607 1136 2651 ponderis
1163 2606 1317 2651 pretium
1343 2615 1423 2640 cum
1456 2604 1552 2639 circa
1583 2603 1679 2639 mille
1713 2613 1800 2648 qua-

297 2661 506 2705 dringentas
531 2661 671 2705 argenti
697 2661 885 2697 drachmas
911 2668 1042 2706 aequet
1071 2665 1154 2705 (100
1171 2662 1222 2697 dr.
1248 2660 1471 2697 Boeckhium
1496 2664 1641 2696 secutus
1672 2670 1799 2704 argen-

297 2718 389 2753 tario
415 2718 558 2763 tribuo),
584 2718 749 2764 efficitur,
775 2724 815 2753 ut
839 2719 1030 2754 drachmae
1055 2729 1187 2755 aureae
1213 2719 1368 2765 pretium
1392 2716 1557 2753 undecim
1581 2715 1656 2752 fere
1673 2726 1799 2765 argen—

297 2774 365 2809 teis
390 2773 500 2809 fuerit
523 2784 600 2820 par.
