1979 3326
756 280 1009 319 -7-

128 405 276 453 origine
312 417 412 454 quae
446 403 681 443 narrabatur
715 403 871 443 fabulae
907 404 1073 452 primum
1117 405 1398 451 testimonium,
1435 404 1504 443 sed
1532 405 1648 444 etiam

132 469 436 508 vetustissimum
465 472 524 507 est
552 469 848 507 existimationis
879 467 1151 506 documentum
1179 468 1296 515 illius,
1327 480 1404 517 qua
1428 480 1499 517 per
1521 469 1648 506 omnia

130 536 308 580 tempora
334 543 447 571 sacra
474 532 602 570 insula
630 531 735 580 apud
764 542 896 569 omnes
924 531 1038 569 Iones
1067 529 1287 569 fruebatur:
1316 532 1443 579 prima
1465 532 1565 568 enim
1585 531 1647 569 hic

133 596 276 634 mentio
303 594 348 633 fit
376 593 626 645 πανηγύρεως
653 595 770 640 1111115,
800 604 899 641 quae
929 592 978 632 ad
1007 592 1093 631 dies
1121 594 1295 641 Apollini
1323 593 1444 632 festos
1475 593 1646 642 agendos

128 659 301 707 undique
328 658 491 697 navibus
520 659 718 696 exornatis
747 657 910 696 advecta
938 656 1078 694 Delum
1113 657 1377 695 conveniebat.
1435 657 1572 706 Neque
1603 662 1648 696 ut

129 733 256 770 nuper
283 723 495 760 constituta
523 722 621 760 haec
648 720 760 759 nobis
789 720 1076 768 amphictyonia
1104 732 1127 758 a
1146 725 1265 768 poeta
1285 720 1539 759 describitur:
1567 721 1644 759 iam

126 785 167 823 in
187 796 280 823 arae
299 785 438 832 locum,
468 796 582 833 quam
602 784 740 823 Ulixes
759 783 921 830 viderat,
952 784 1136 832 templum
1158 785 1345 822 successit
1364 806 1412 811 -
1432 784 1646 832 pulcherri-

126 858 248 894 mum,
283 848 316 885 si
350 850 490 895 poetae
525 845 640 884 fidem
677 846 841 892 habeas3
874 847 951 884 iam
987 846 1059 884 deo
1089 846 1170 884 ludi
1199 847 1447 885 celebrantur
1476 851 1513 885 et
1541 858 1645 895 gym-

125 911 203 948 nici
229 913 269 948 et
296 910 445 957 musici,
477 921 641 957 quorum
668 921 716 948 ne
735 910 879 948 mentio
909 909 1064 957 quidem
1091 909 1133 948 fit
1160 911 1200 947 in
1222 911 1457 949 carminibus
1477 910 1643 949 homeri-

126 973 200 1020 cis;
235 973 312 1011 iam
339 976 444 1011 totus
473 973 599 1011 cultus
628 977 842 1021 apparatus
872 973 1051 1011 conditus
1080 973 1265 1021 chorique
1293 975 1505 1022 virginum,
1545 985 1644 1022 quae

125 1035 312 1074 Deliades
349 1037 614 1083 nominantur,
650 1037 724 1074 rite
753 1040 870 1084 atque
898 1047 975 1074 non
1005 1037 1086 1074 sine
1116 1041 1200 1075 arte
1232 1037 1398 1085 quadam
1428 1039 1642 1085 constituti,

126 1111 242 1148 quum
277 1100 476 1137 imitentur
510 1100 639 1138 varias
675 1099 916 1138 diversarum
952 1100 1122 1147 gentium
1150 1111 1284 1146 voces,
1321 1111 1452 1138 earum
1484 1101 1643 1148 scilicet,

125 1163 177 1201 ad
211 1174 308 1210 quas
336 1162 488 1201 Latona
525 1163 720 1201 erroribus
756 1164 951 1212 exagitata
984 1163 1270 1212 pervenerit.23)
1325 1164 1480 1202 Nemini
1508 1175 1643 1202 versus

123 1227 195 1266 hos
212 1227 517 1275 elegantissimos
533 1227 677 1275 legenti
697 1227 855 1266 dubium
875 1239 960 1266 esse
980 1231 1111 1276 potest
1131 1228 1222 1275 quin
1238 1227 1311 1265 hac
1330 1229 1516 1276 panegyri
1532 1239 1645 1266 sacra

125 1291 254 1339 patria
280 1290 537 1338 celebrentur,
567 1302 645 1329 non
663 1292 850 1338 recentia,
880 1291 949 1329 sed
977 1292 1191 1340 antiquitus
1220 1291 1446 1338 constituta,
1477 1303 1641 1339 quorum

123 1354 231 1401 origo
265 1354 343 1393 iam
381 1365 428 1391 ex
462 1353 657 1392 hominum
691 1354 876 1392 memoria
912 1354 1124 1392 evanuerit.
1189 1353 1308 1392 Cuius
1343 1355 1401 1393 rei
1435 1355 1644 1393 maximum

124 1416 395 1455 documentum
438 1429 523 1456 esse
565 1429 722 1465 censeo,
765 1417 869 1466 quod
903 1416 998 1455 Chio
1040 1418 1168 1456 insula
1203 1417 1389 1455 oriundus
1422 1417 1642 1466 rhapsodus

124 1484 261 1519 cantus
291 1493 381 1520 suos
409 1481 500 1520 Deli
527 1479 742 1529 recitat,24)
779 1492 896 1530 quum
925 1492 1002 1519 non
1030 1481 1079 1518 sit
1119 1480 1276 1518 dubium
1304 1479 1424 1519 festos
1458 1481 1529 1519 hos
1559 1480 1642 1519 dies

123 1554 148 1582 a
181 1544 317 1582 vicinis
353 1545 478 1592 primo
518 1545 706 1592 proximis
741 1545 804 1592 agi
833 1548 1011 1592 coeptos,
1050 1543 1279 1592 Cycladum,
1316 1556 1415 1592 quae
1446 1543 1641 1592 dicuntur,

121 1607 336 1645 insularum
378 1608 536 1655 incolis,
579 1612 717 1656 postea
756 1619 848 1646 vero
894 1612 1091 1645 crescente
1125 1609 1166 1645 in
1202 1608 1284 1646 dies
1328 1608 1462 1655 templi
1504 1608 1639 1655 gloria,

124 1671 239 1708 etiam
267 1682 314 1709 ex
349 1671 436 1709 aliis
473 1670 608 1709 Ionum
645 1671 867 1710 civitatibus
903 1672 1026 1719 ipsius
1060 1671 1179 1709 Asiae
1214 1672 1505 1720 insularumque
1535 1671 1640 1710 adia-

123 1735 291 1772 centium
327 1746 459 1774 sacras
495 1736 708 1783 legationes
744 1734 793 1774 ad
828 1735 1047 1783 Apollinem
1077 1734 1228 1773 Delium
1264 1735 1415 1773 missas.
1473 1735 1639 1782 Quamo-

124 1797 230 1835 brem
257 1809 335 1836 non
362 1796 446 1836 falli
472 1798 564 1836 mihi
582 1798 729 1845 videor,
759 1799 792 1836 si
811 1795 1062 1847 πανηγύρεως
1090 1798 1224 1836 Ionum
1245 1798 1428 1836 Deliacae
1449 1798 1636 1846 originem

125 1860 176 1900 ad
204 1860 475 1909 olympiadum
508 1862 661 1899 initium
693 1861 775 1899 fere
810 1860 955 1899 refero:
1001 1873 1127 1908 neque
1163 1862 1263 1899 enim
1290 1861 1410 1899 multo
1446 1862 1640 1899 recentior

122 1926 284 1972 propter
312 1935 370 1971 ea,
400 1935 499 1972 quae
527 1924 641 1963 modo
663 1925 838 1972 exposui,
868 1936 952 1962 esse
971 1929 1112 1972 potest,
1142 1936 1267 1972 neque
1287 1924 1408 1962 multo
1430 1925 1638 1972 antiquior,

124 1997 241 2034 quum
276 1987 316 2024 in
343 1987 623 2025 recentissimis
657 1986 942 2033 tantummodo,
978 1990 1020 2024 ut
1049 1987 1149 2034 dixi,
1185 1986 1467 2026 homericorum
1503 1987 1639 2026 carmi-

123 2061 213 2088 num
249 2050 427 2098 partibus
461 2061 596 2089 sacrae
633 2051 783 2088 insulae
822 2051 966 2089 mentio
995 2049 1062 2089 fiat
1091 2061 1214 2099 eaque
1242 2050 1490 2097 brevissima,
1527 2050 1639 2098 quasi

122 2116 252 2152 terrae
279 2113 527 2152 audientibus
555 2113 725 2153 nondum
755 2115 850 2152 satis
878 2118 1005 2152 notae.

228 2175 383 2215 Certius
411 2177 523 2215 nobis
552 2177 599 2215 de
628 2181 802 2226 tempore
832 2177 1004 2216 iudicare
1033 2178 1181 2224 liceret,
1211 2178 1243 2215 si
1273 2178 1367 2215 satis
1396 2175 1484 2214 fidei
1504 2176 1638 2214 haberi

121 2243 256 2287 posset
283 2240 343 2286 iis,
375 2251 475 2288 quae
504 2240 552 2279 de
581 2251 693 2279 sacra
720 2241 912 2289 legatione
941 2253 964 2280 a
991 2241 1197 2279 Messeniis
1226 2242 1329 2288 regis
1350 2240 1515 2277 Phintae
1544 2243 1637 2277 tem-

124 2313 222 2350 pore
249 2301 390 2340 Delum
425 2303 544 2342 missa
579 2304 798 2352 hymnoque
836 2305 883 2342 iis
920 2305 959 2342 in
987 2305 1172 2343 honorem
1201 2303 1394 2351 Apollinis
1423 2303 1637 2350 composito

125 2364 175 2402 ab
203 2365 385 2412 Eumelo,
422 2370 541 2414 poeta
569 2366 835 2414 Corinthiaco,
865 2368 1071 2405 memoriae
1099 2366 1245 2405 tradita
1273 2370 1362 2404 sunt
1391 2377 1413 2404 a
1441 2365 1638 2403 Pausania

123 2426 387 2476 periegeta,²⁵)
418 2429 483 2476 qui
504 2431 619 2468 etiam
649 2429 744 2468 duos
773 2441 908 2469 versus
937 2430 1067 2478 hymni
1095 2430 1209 2468 huius
1229 2427 1501 2477 perscribit‘ffi)
1548 2428 1637 2466 Flo-

123 2490 203 2528 ruit
231 2491 331 2528 enim
359 2490 544 2529 Eumelus
573 2493 677 2529 circa
706 2491 972 2540 Olympiadem
1000 2503 1139 2530 nonam
1169 2494 1400 2538 (744—41),
1430 2492 1462 2529 si
1490 2490 1636 2528 Eusebi

124 2563 309 2591 canonem
345 2554 561 2601 sequimur,
603 2565 767 2602 quocum
808 2555 863 2593 ita
908 2556 1085 2603 congruit.
1121 2554 1298 2593 Clemens
1334 2553 1635 2600 Alexandrinus,

223 2683 272 2725 2³)
295 2684 424 2730 Hymn.
450 2684 489 2719 in
513 2684 632 2730 Apou.
658 2695 689 2719 v.
712 2687 902 2721 146-164.
1066 2686 1114 2729 24)
1138 2686 1228 2722 Ibid.
1255 2697 1286 2720 v.
1309 2686 1497 2721 172—173.

215 2740 262 2784 2⁵)
287 2740 442 2776 Pausan.
468 2741 530 2787 1v,
554 2745 587 2786 4,
618 2745 630 2777 1
660 2748 695 2777 et
719 2745 775 2787 33,
801 2745 839 2786 23
863 2743 906 2786 V,
937 2746 987 2787 19,
1019 2746 1067 2778 10.
1207 2744 1253 2787 2⁶)
1279 2742 1368 2778 Ibid.
1395 2743 1456 2786 IV,
1482 2744 1537 2785 33,
1563 2743 1593 2775 2.
