1979 3326
817 768 902 803 Χαῖρ’
922 769 945 797 ὦ
965 769 1120 804 ὕεοδμάτα
1137 769 1395 805 λιπαροπλοκάμου

819 815 960 843 Παίὸεσσι
980 816 1097 847 Λατοῦς
1118 815 1325 850 ἱμεροέστατον
1345 816 1429 850 ἔρνος

821 861 930 890 πόντου
950 861 1096 896 θύγατερ,
1118 861 1228 898 χθονὸς
1246 862 1361 895 εὐρείας
1378 862 1510 894 ἀκίνητον
1530 863 1625 896 τέρας,

947 909 1019 937 ἅντε
1037 909 1143 943 βροτοὶ

817 955 909 983 Anthou
929 955 1126 990 καλήσκοισιν,
1151 956 1281 990 μάκαρες
1298 953 1323 982 δ’
1343 954 1372 983 ἐν
1390 953 1518 989 Ὀλύμπῳ
1538 954 1624 989 τηλέ-

934 1011 1044 1037 φαντον
1062 1001 1187 1033 κυανέας
1202 1000 1312 1038 χθονὸς
1329 1001 1435 1034 ἄστρον

1151 1048 1269 1075 Pindar.
1290 1049 1408 1075 Prosod.
1432 1047 1472 1078 εἷς
1490 1047 1588 1081 Δῆλον.

819 1109 886 1141 Πῶς
905 1109 956 1137 οὖν
975 1110 1049 1145 αὕτη
1070 1110 1173 1144 πατρὶς
1191 1110 1269 1144 ὑμῶν
1289 1109 1344 1145 εἴη,

818 1155 848 1184 ἐν
868 1154 885 1193 ᾗ
908 1156 978 1184 οὔτε
996 1155 1101 1190 γέγονέ
1120 1166 1160 1188 τις
1179 1156 1257 1190 ὑμῶν
1277 1155 1346 1184 οὔτ’
1365 1155 1461 1188 &oran

1012 1203 1159 1230 Plutarch.
1180 1204 1399 1237 Apophthegm.
1418 1205 1528 1231 Lacon.
1549 1205 1590 1229 15.

842 1327 883 1379 I.

113 1417 258 1483 Duas
280 1444 505 1491 sententias,
535 1443 696 1481 Pindari
724 1455 850 1490 unam,
881 1444 1042 1482 alteram
1071 1444 1270 1482 Plutarchi
1297 1446 1482 1492 praemisi
1511 1457 1626 1493 opus-

112 1507 198 1545 culo
234 1518 340 1553 meo,
378 1507 518 1555 quibus
554 1511 637 1545 tota
664 1507 754 1545 Deli
787 1508 936 1545 insulae
965 1507 1127 1545 historia
1167 1508 1278 1555 quasi
1305 1509 1345 1545 in
1373 1508 1527 1546 brevius
1565 1521 1624 1546 re-

113 1568 229 1607 dacta
257 1570 513 1607 contineatur.
561 1570 739 1608 Letoidis
768 1571 958 1618 matrique
988 1582 1120 1608 eorum
1151 1575 1234 1609 erat
1263 1582 1385 1618 sacra,
1416 1571 1478 1609 dei
1506 1571 1626 1621 παρά-

111 1643 210 1668 σιτοι
236 1632 387 1670 incolae
417 1633 499 1670 eius
540 1655 582 1659 —
622 1633 694 1671 hoc
722 1633 944 1680 opulentiae
980 1632 1182 1681 famaeque
1211 1635 1384 1681 initium,
1419 1635 1490 1673 hoc
1518 1636 1622 1673 vitae

112 1694 503 1742 suppeditamentum,
533 1696 605 1733 hoc
625 1696 771 1743 gloriae
802 1700 839 1734 et
867 1708 890 1734 a
916 1698 1042 1744 poetis
1064 1697 1283 1735 celebratae
1313 1702 1351 1735 et
1379 1709 1402 1735 a
1429 1698 1624 1746 pedestris

113 1758 303 1796 orationis
331 1757 642 1806 scriptoribusl),
671 1758 743 1796 hoc
772 1757 989 1795 divitiarum
1020 1759 1059 1795 in
1079 1759 1161 1796 dies
1190 1760 1445 1797 crescentium
1466 1764 1626 1808 totoque

112 1832 158 1858 ex
194 1820 287 1857 orbe
316 1824 508 1858 terrarum
549 1819 785 1858 affluentium
823 1822 1080 1859 certissimum
1114 1821 1453 1870 firmissimumque
1490 1823 1627 1862 funda-

110 1887 298 1930 mentum,
338 1882 406 1920 sed
435 1884 530 1921 haec
559 1883 693 1921 eadem
721 1895 839 1922 causa
869 1888 907 1921 et
934 1885 1042 1931 origo
1071 1885 1258 1922 malorum
1289 1886 1468 1923 omnium.
1524 1886 1624 1924 Nam

111 1957 131 1983 e
161 1945 303 1983 divitiis
325 1945 423 1983 lucri
445 1957 534 1994 spes
564 1950 602 1983 et
630 1946 769 1994 cupido
791 1946 1003 1985 vicinOrum
1023 1951 1126 1993 nata,
1156 1960 1203 1985 ex
1226 1949 1510 1987 existimatione
1541 1951 1621 1997 glo-

109 2009 247 2056 riaque
277 2008 423 2046 invidia
449 2009 537 2056 plus
566 2009 711 2047 viribus
739 2010 949 2048 valentium
970 2015 1106 2048 exorta
1135 2014 1249 2058 atque
1280 2010 1514 2049 desiderium
1544 2024 1621 2050 om-

110 2071 225 2109 nibus
261 2072 319 2109 his
355 2071 493 2119 opibus
530 2073 681 2111 insulae
725 2084 858 2111 sacrae
896 2073 1082 2121 potiendi.
1148 2073 1248 2111 Hinc
1282 2074 1372 2112 illae
1415 2075 1623 2122 gliscentes

111 2146 264 2183 semper
291 2135 529 2183 inimicitiae,
559 2137 647 2173 hinc
667 2136 757 2174 illae
786 2137 914 2184 specie
936 2137 1086 2175 colendi
1116 2136 1178 2175 dei
1198 2137 1491 2186 honorandique
1521 2139 1619 2177 male

110 2201 317 2237 excusatae
347 2197 546 2236 Deliorum
574 2199 752 2246 iniuriae,
782 2199 922 2247 quibus
952 2199 1001 2238 ad
1031 2205 1243 2238 extremum
1273 2200 1450 2238 effectum
1480 2206 1550 2249 est,
1579 2206 1621 2240 ut

111 2272 158 2299 ex
186 2261 380 2309 Apollinis
410 2262 595 2309 parasitis
623 2273 841 2300 mensarum
872 2264 1136 2311 apparitores,
1172 2276 1191 2302 e
1221 2275 1357 2302 sacrae
1386 2265 1536 2303 insulae
1565 2266 1622 2303 in-

110 2323 204 2361 colis
225 2324 348 2362 sacris
370 2324 501 2362 exules
521 2323 662 2364 fierent
681 2327 810 2373 patria
830 2331 1019 2374 carentes,
1048 2328 1087 2365 in
1116 2338 1194 2375 qua
1213 2339 1338 2375 neque
1367 2329 1476 2366 nasci
1496 2340 1621 2376 neque

109 2386 208 2423 mori
227 2386 274 2423 iis
293 2385 442 2434 liceret,
472 2387 597 2426 donec
617 2389 728 2436 quasi
748 2389 820 2427 hoc
839 2401 915 2427 non
937 2391 1030 2428 satis
1051 2394 1154 2428 esset
1181 2401 1374 2438 superque
1394 2391 1622 2438 iniustitiae,

203 2528 229 2574 1)
254 2526 410 2562 Nomina
434 2528 591 2563 omnium
617 2539 741 2564 sacrae
767 2529 907 2564 insulae
933 2530 1162 2565 laudatorum
1188 2536 1223 2565 et
1247 2530 1507 2579 historicorum
1532 2533 1629 2577 apud

110 2584 309 2629 Lebegium
326 2584 509 2629 perlegas:
539 2585 788 2621 »Recherches
807 2597 868 2621 sur
885 2587 1015 2622 Delos«
1037 2589 1163 2632 (1876),
1190 2599 1223 2632 p.
1247 2591 1387 2623 11—21.
1426 2589 1497 2624 Cfr.
1517 2590 1624 2624 otiam

112 2641 266 2677 Gilberti
294 2641 566 2677 »Deliacorum«
600 2643 752 2688 paginas
778 2644 913 2688 primas
947 2649 983 2679 et
1006 2644 1043 2678 in
1068 2644 1240 2679 Homollii
1272 2644 1381 2679 libro:
1426 2647 1622 2681 »Archives

111 2699 155 2734 de
186 2699 426 2735 l'intendance
452 2701 575 2736 sacree
602 2701 623 2735 ὲ.
648 2701 779 2736 Delos«
807 2701 900 2746 illas,
926 2712 1019 2746 quae
1045 2702 1240 2747 inscriptae
1267 2708 1366 2738 sunt:
1408 2704 1563 2739 »Rarete
1589 2712 1624 2740 et

110 2755 342 2792 insuffisance
363 2757 431 2793 des
456 2758 702 2803 temoignages
727 2758 943 2794 litteraires«
972 2761 1018 2804 (p.
1037 2761 1174 2805 7—12).

179 2821 213 2849 B.
231 2821 273 2850 st.
309 2821 362 2849 1x.
401 2821 426 2847 1.
1327 2820 1342 2854 1
