1957 3293
889 332 1198 372 —220-

299 458 475 504 deliacis,
511 459 542 495 si
579 458 665 496 illos
700 461 847 495 tantum
875 467 1131 502 numeramuS,
1161 457 1225 504 qui
1253 456 1343 494 item
1372 456 1537 495 Zenonis
1564 456 1633 495 filii
1663 457 1796 506 appel·

299 519 483 559 lanturss)
512 543 560 548 —
590 532 701 569 quam
731 532 851 568 parva
888 521 1006 568 igitur
1033 521 1276 558 coniecturae
1310 519 1586 568 probabilitas!
1640 520 1797 569 Apollo-

298 584 414 622 dorus
449 589 577 622 autem
612 584 766 626 archon,
805 595 889 621 cum
928 583 975 621 de
1003 584 1123 631 ipsius
1152 594 1252 621 anno
1281 583 1375 620 nihil
1407 586 1568 629 constet,
1596 583 1669 621 nisi
1696 583 1797 621 inter

300 652 346 685 86
377 652 414 684 et
442 652 489 685 48
525 648 750 695 magistratu
787 659 869 684 eum
900 659 983 684 esse
1012 646 1200 692 functum,
1230 646 1290 683 vix
1319 649 1449 694 potest
1475 645 1524 684 ad
1552 645 1652 684 alius
1680 646 1795 694 magi·

301 715 444 748 stratus
480 715 630 758 tempus
671 710 927 748 definiendum
963 710 1156 755 adhiberi,
1198 709 1428 747 Nicanorem
1469 719 1559 746 vero
1593 707 1796 747 Nicanoris

304 773 327 811 s.
352 773 661 812 Leuconoensem
690 774 880 811 invenisse
908 773 997 810 mihi
1028 774 1131 810 visus
1161 783 1242 809 sum
1263 773 1300 809 in
1330 771 1506 819 catalogo
1535 772 1612 808 τῶν
1633 767 1799 821 ἐφηβευ-

300 835 450 873 σάντων
488 836 553 874 ἐπί
583 835 766 873 Μενοίτου
801 835 1070 886 ἄρχοντος,27)
1106 837 1169 884 qui
1204 840 1307 873 certe
1341 839 1430 873 ante
1464 833 1608 872 saeculi
1641 832 1800 871 secundi

301 902 442 938 exitum
481 911 615 937 munus
651 899 745 937 obiit
772 923 820 927 -
849 912 924 938 non
953 900 1079 947 potuit
1106 900 1224 946 igitur
1251 898 1422 936 Nicanor
1457 897 1658 944 sexaginta
1685 896 1797 934 annis

301 968 387 1011 post
430 963 653 1010 epimeletae
697 974 851 1000 munere
890 961 1007 1010 fungi.
1069 962 1248 1000 Forsitan
1291 961 1433 999 obiciat
1473 959 1565 997 mihi
1608 959 1797 1008 quispiam

304 1025 460 1063 decreta
489 1031 527 1063 et
556 1025 681 1063 edicta
709 1026 867 1072 aliquot,
898 1036 995 1073 quae
1025 1024 1074 1062 ab
1104 1024 1264 1072 Iosepho
1285 1023 1419 1061 Flavio
1450 1025 1603 1060 servata
1622 1020 1800 1061 Caesaris

302 1088 502 1126 dictatoris
538 1095 711 1136 tempore
748 1087 850 1125 sacta
891 1087 1070 1124 dicuntur
1104 1087 1141 1123 in
1179 1087 1360 1124 honorem
1397 1084 1626 1123 Iudaeorum
1660 1083 1799 1122 Delum

303 1151 466 1190 insulam
495 1152 740 1189 incolentium
751 1149 800 1195 ²⁸)
821 1173 869 1177 —
890 1151 986 1188 satis
1013 1150 1122 1188 multi
1142 1149 1319 1187 videlicet
1348 1151 1469 1195 erant,
1498 1148 1530 1186 si
1558 1147 1695 1186 edictis
1713 1159 1802 1196 pro-

303 1217 396 1263 priis
426 1215 531 1263 digni
559 1215 800 1253 habebantur
829 1225 952 1262 neque
981 1218 1084 1251 certe
1113 1213 1178 1250 uni
1207 1225 1253 1251 ex
1280 1212 1493 1260 peregrinis
1521 1211 1561 1249 in
1588 1210 1714 1249 insula
1740 1222 1800 1249 re-

302 1280 539 1316 manserant!
570 1279 621 1316 At
643 1279 717 1316 iam
738 1277 1015 1315 demonstravit
1035 1274 1325 1321 Reinachius²⁹)
1354 1286 1470 1312 unum
1497 1273 1576 1312 tale
1604 1273 1799 1312 decretum

309 1342 583 1380 »describentis
603 1341 782 1378 videlieet
810 1341 1050 1388 neglegentia
1077 1351 1160 1378 esse
1189 1338 1238 1377 ad
1257 1338 1394 1377 falsum
1422 1340 1573 1385 tempus
1594 1335 1803 1384 delatum«,

305 1417 388 1444 cum
424 1406 595 1443 homines
632 1405 684 1443 ibi
722 1405 1004 1443 commemorati
1041 1404 1128 1452 plus
1169 1404 1242 1441 iam
1284 1401 1438 1441 saeculo
1479 1400 1618 1439 mortui
1653 1403 1802 1438 essent:

306 1471 435 1518 itaque
473 1481 702 1518 magnopere
738 1480 889 1512 vereor,
926 1480 974 1506 ne
1002 1471 1109 1506 tanta
1137 1466 1255 1504 fuerit
1283 1465 1447 1503 hominis
1475 1463 1729 1511 neglegentia,
1762 1466 1806 1500 ut

306 1533 431 1571 omnia
466 1532 640 1578 decreta,
677 1543 775 1580 quae
810 1532 844 1569 ei
872 1530 921 1569 ad
949 1542 1027 1569 rem
1064 1529 1293 1568 videbantur
1325 1528 1544 1576 pertinere,
1579 1530 1806 1575 congereret

309 1595 545 1644 temporibus
575 1607 649 1633 non
679 1599 857 1633 accurate
886 1594 1089 1632 distinctis.
1146 1591 1398 1639 Quamobrem
1427 1591 1467 1628 in
1485 1590 1678 1628 sententia
1704 1599 1803 1636 mea,

310 1658 398 1696 dum
427 1660 534 1697 novis
561 1659 684 1696 titulis
719 1659 882 1696 inventis
917 1656 1133 1702 refelletur,
1162 1654 1432 1703 perseverabo,
1461 1663 1560 1701 quae
1587 1651 1806 1690 huiusmodi

311 1726 385 1759 est:
426 1725 460 1767 1)
498 1722 630 1760 titulos
666 1732 816 1767 omnes,
853 1731 948 1768 quos
977 1719 1199 1757 dicaverunt
1224 1714 1424 1768 Ἀθηναίων
1459 1713 1523 1751 καὶ
1549 1710 1746 1764 Ῥωμαίων
1773 1712 1810 1750 οἱ

311 1781 354 1821 ἐν
382 1788 429 1835 τῇ
452 1783 554 1834 νήσῳ
576 1780 816 1824 ἐνοικοῦντες
836 1786 920 1827 etc„
949 1781 1114 1829 scriptos
1135 1791 1231 1826 esse,
1260 1782 1463 1827 antequam
1483 1776 1611 1815 insula
1628 1787 1652 1815 a
1668 1776 1807 1825 piratis

313 1848 514 1886 devastata
542 1847 754 1894 incolisque
775 1845 853 1883 fere
874 1845 1012 1883 orbata
1032 1847 1090 1881 est
1109 1846 1214 1888 (ante
1237 1847 1283 1881 69
1304 1852 1337 1880 a.
1359 1839 1448 1879 Chr.
1469 1841 1543 1887 n.);
1570 1843 1610 1885 2)
1638 1839 1727 1878 inde
1755 1839 1805 1878 ab

314 1911 385 1949 hoc
420 1915 591 1958 tempore
628 1920 749 1957 usque
785 1908 833 1946 ad
867 1907 1031 1955 Augusti
1066 1910 1250 1952 aetatem,
1279 1915 1364 1943 cum
1393 1903 1548 1943 deserta
1573 1901 1654 1942 fere
1682 1902 1809 1942 insula

315 1978 417 2012 esset
437 1974 626 2022 (quamvis
647 1970 872 2022 ἐπιμελητὴς
891 1972 929 2009 in
950 1982 1031 2009 eam
1053 1970 1299 2015 mitteretur),
1319 1978 1428 2006 raras
1447 1965 1635 2015 quasdam
1653 1969 1804 2005 statuas

313 2038 459 2085 positas
497 2048 580 2075 esse
615 2041 763 2074 tantum
798 2035 931 2083 populi
966 2033 1257 2072 Atheniensium
1292 2031 1361 2076 (in
1395 2031 1558 2069 Attica
1589 2029 1808 2068 habitan·

314 2103 443 2140 tium)
474 2101 642 2145 nomine;
672 2103 710 2141 3)
740 2098 1012 2143 dedicationes,
1043 2107 1138 2144 quas
1160 2094 1295 2133 secisse
1324 2093 1464 2131 dicitur
1490 2091 1513 2129 ὁ
1532 2090 1652 2142 δῆμος
1670 2090 1693 2129 ὁ
1713 2089 1809 2143 Ἀθη-

315 2163 428 2200 ναίων
456 2161 519 2199 καὶ
547 2162 583 2198 οἱ
613 2159 678 2211 τὴν
708 2161 818 2211 νῆσον
846 2159 1058 2206 οἰκοῦντες,
1087 2157 1310 2197 referendas
1331 2167 1415 2195 esse
1435 2155 1484 2195 ad
1503 2159 1670 2194 aetatem
1688 2155 1809 2204 impe-

315 2231 484 2265 ratorum
514 2236 755 2263 romanorum
777 2223 865 2262 inde
885 2235 907 2261 a
927 2234 1056 2271 pugna
1075 2222 1243 2259 Actiaca.
1263 2220 1496 2271 ‘Extremum
1516 2218 1600 2267 hoc,
1629 2219 1808 2268 quoniam

315 2289 363 2328 ad
392 2289 429 2327 id
458 2294 607 2336 tempus
637 2292 797 2336 spectat,
826 2287 872 2324 de
903 2298 977 2334 quo
1006 2284 1171 2323 nondum
1202 2295 1284 2321 sum
1312 2283 1481 2328 locutus,
1511 2282 1626 2321 etiam
1653 2280 1808 2320 demon-

316 2351 513 2390 strandum
550 2355 624 2396 est3
659 2355 775 2398 atque
809 2349 857 2388 ad
893 2353 1038 2387 certum
1075 2348 1227 2396 quidem
1263 2345 1422 2395 perduci
1457 2356 1532 2384 non
1566 2347 1714 2394 potest,
1742 2343 1810 2383 sed

316 2416 478 2453 maxime
508 2420 565 2451 est
593 2414 809 2459 verisimile,
838 2424 922 2450 cum
951 2413 1051 2449 inter
1078 2411 1209 2448 titulos
1229 2413 1290 2447 sat
1315 2408 1454 2447 multos
1483 2406 1684 2446 formulam
1710 2406 1811 2446 hanc

318 2478 540 2516 exhibentes
575 2478 650 2516 duo
684 2478 742 2516 vel
779 2482 857 2514 tres
892 2480 1039 2514 tantum
1075 2474 1336 2518 inveniantur,
1377 2471 1424 2509 de
1459 2470 1599 2520 quibus
1633 2469 1810 2510 dubitare

410 2620 454 2665 ²⁶)
480 2620 646 2664 Lebiegue
676 2618 941 2653 »Recherches«
971 2623 1036 2651 etc.
1062 2626 1116 2651 n0.
1135 2618 1173 2659 93
1200 2614 1291 2649 Bull.
1309 2613 1341 2649 d.
1361 2614 1458 2649 Corr.
1477 2611 1571 2648 Heu.
1587 2611 1649 2657 Vl,
1674 2623 1708 2658 p.
1725 2613 1811 2656 3473

319 2680 380 2723 XI,
406 2691 438 2724 p.
456 2682 532 2715 262.
670 2679 715 2722 2⁷)
742 2678 777 2711 C.
793 2677 818 2711 I.
835 2677 875 2710 Α.
896 2676 945 2720 11,
970 2677 1055 2718 465,
1081 2674 1140 2708 lin.
1158 2676 1211 2708 66.
1349 2671 1397 2715 ²⁸)
1421 2669 1561 2715 Ioseph.
1587 2669 1710 2714 Antiq.
1734 2668 1811 2705 Iud.

320 2739 414 2782 XIV,
439 2740 472 2782 8,
497 2742 528 2773 5.
667 2735 712 2781 ²⁹)
737 2735 821 2770 Rev.
847 2733 1047 2777 archeolog.
1078 2734 1177 2768 1883:
1210 2730 1342 2775 pagina
1365 2728 1452 2764 mihi
1476 2732 1621 2774 praesto
1651 2736 1722 2763 non
1746 2731 1812 2772 est,

320 2806 398 2829 cum
425 2800 588 2839 ectypum
615 2792 807 2838 separatim
833 2800 1040 2836 expressum
1067 2789 1101 2823 in
1128 2787 1290 2823 manibus
1315 2785 1511 2822 habuerim.
