1990 3326
1021 304 1301 345 —16—

411 420 552 466 piente.
609 420 707 467 Quin
738 423 856 460 etiam
886 423 1039 462 credam
1068 430 1159 463 tunc
1191 428 1353 474 primum
1390 427 1508 467 fuisse
1543 441 1627 468 eum
1662 442 1794 480 regum
1829 433 1916 470 atti-

411 491 541 518 corum
578 493 737 520 numero
784 483 976 522 additum:
1027 488 1137 524 testis
1183 488 1272 525 mihi
1319 493 1378 527 est
1422 491 1670 538 gravissimus
1710 493 1912 540 Homerus,

416 543 483 589 qui
511 543 701 581 Theseum
739 546 891 592 ignoret
925 548 983 585 vel
1017 547 1115 587 filios
1145 551 1226 588 eius
1255 551 1494 591 Athenarum
1522 565 1631 602 reges
1659 554 1798 604 fuisse,
1832 557 1914 595 Me-

410 604 610 642 nestheum
652 607 823 654 appellet
857 608 989 647 Peteoi
1030 610 1146 649 filium
1191 616 1284 660 (qua
1323 626 1366 652 re
1408 615 1660 665 γενεαλογιῶν
1701 619 1912 666 scriptores

410 668 637 712 posterioris
674 671 814 707 aetatis
850 673 972 710 eoacti
1008 681 1097 711 sunt
1131 674 1323 713 Theseum
1352 677 1512 716 Athenis
1547 679 1595 717 ab
1630 681 1796 720 inimicis
1829 683 1914 730 pul-

412 739 493 765 sum
531 729 824 778 confiiigere)⁴3)
861 737 899 771 et
933 746 979 771 ne
1014 737 1243 774 mentionem
1279 738 1430 786 quidem
1467 739 1603 779 fecerit
1629 742 1757 781 herois
1785 743 1914 790 huius,

411 791 484 828 nisi
513 792 636 829 tribus
666 793 775 839 locis,
813 807 973 842 quorum
1004 802 1063 835 est
1090 799 1235 847 nullus,
1272 802 1337 847 qui
1366 813 1440 840 non
1468 803 1598 852 aliquo
1625 805 1737 844 modo
1773 807 1811 844 in
1846 807 1914 844 du-

411 853 514 891 bium
545 859 703 893 vocet-ur
732 879 776 883 —
809 869 939 897 omnes
959 860 1196 899 Nitzschium
1226 867 1380 902 secutus
1409 875 1431 901 a
1459 865 1627 905 Homero
1654 868 1800 906 alienos
1820 873 1913 917 puto

408 917 777 967 interpolationique
801 921 1050 960 Pisistrateae
1079 923 1211 962 deberi
1232 925 1412 971 credo.⁴⁴)
1459 927 1518 966 Ne
1538 929 1624 976 quis
1643 930 1735 968 mihi
1755 931 1914 970 obiiciat

408 978 594 1028 Cyaneos,
616 992 712 1029 quos
733 985 942 1032 nominant,
964 990 1112 1033 poetas,
1133 989 1335 1026 Arctinum
1356 993 1395 1026 et
1409 989 1609 1038 Leschem‚
1629 993 1696 1039 qui
1715 993 1755 1030 in
1771 993 1912 1035 Troiae

408 1045 692 1091 expugnatione
721 1058 952 1095 magnopere
981 1049 1199 1088 celebrasse
1235 1050 1415 1088 dicuntur
1443 1051 1583 1090 Thesei
1618 1051 1739 1102 filios,
1773 1055 1911 1094 Demo-

406 1105 552 1152 phonta
580 1111 618 1144 et
647 1110 878 1157 Acamanta3
913 1122 999 1148 nam
1029 1123 1076 1149 ne
1106 1112 1163 1149 his
1193 1113 1346 1160 quidem
1376 1115 1600 1153 auctoribus
1634 1116 1817 1155 traditum
1848 1123 1913 1156 est

406 1168 522 1205 ullum
544 1171 786 1216 praeclarum
809 1184 939 1211 eorum
960 1173 1121 1221 facinus,
1142 1176 1216 1213 nisi
1238 1175 1341 1224 quod
1356 1177 1512 1215 servitio
1526 1177 1713 1217 liberasse
1727 1179 1908 1219 dicuntur

407 1231 531 1268 aviam
561 1243 666 1270 suam
689 1234 887 1277 Aethram,
917 1247 1041 1283 neque
1070 1249 1183 1285 reges
1211 1237 1315 1286 apud
1343 1239 1430 1278 illos
1458 1241 1718 1288 appellantur,
1747 1242 1813 1280 sed
1843 1244 1910 1281 mi·

496 1372 540 1415 4³)
567 1371 636 1406 Cfr.
663 1372 844 1409 Plutarch.
873 1375 978 1410 Thes.
1007 1377 1091 1421 Cap.
1111 1377 1260 1413 XXXII.

497 1428 543 1470 4⁴)
570 1429 669 1463 Hom.
697 1431 736 1464 Il.
765 1431 792 1475 I,
818 1434 897 1467 265:
930 1433 1050 1478 θησέα
1076 1434 1110 1467 τ’
1134 1434 1294 1481 ,Ξίγεΐῶγν
1322 1438 1520 1471 ἐπιείκελον
1546 1439 1774 1487 ἀθανάτοισι,
1800 1452 1908 1486 quum

407 1483 441 1516 111
475 1484 679 1520 melioribus
712 1487 894 1523 codicibus
933 1490 1031 1533 (Ven.
1059 1492 1108 1535 A,
1143 1491 1311 1528 Laurent.
1338 1493 1390 1538 D,
1424 1494 1517 1540 aliis)
1554 1495 1712 1542 deesset,
1743 1508 1858 1542 neque
1884 1509 1906 1533 a

406 1540 607 1575 Scholiasta
634 1542 893 1588 Eustathioque
919 1554 1271 1593 commemoraretur,
1303 1550 1374 1584 iam
1400 1551 1552 1587 Wolfius
1584 1553 1760 1598 (Prolegg.
1793 1566 1826 1599 p.
1846 1557 1902 1602 27)

410 1595 562 1630 Homero
589 1597 808 1634 abiudicavit
834 1606 941 1644 atque
968 1613 985 1636 e
1011 1603 1159 1637 Hesiodi
1186 1610 1286 1640 scuto
1313 1606 1480 1642 Herculis
1506 1612 1550 1651 (v.
1574 1611 1647 1655 182)
1679 1610 1905 1657 desumptum

406 1658 502 1686 recte
528 1655 712 1698 perspexit
737 1658 939 1701 erravitque
965 1664 1103 1693 tantum
1130 1661 1164 1694 111
1191 1672 1251 1707 00,
1285 1663 1379 1706 quod
1406 1674 1428 1698 a
1453 1665 1627 1710 scriptore
1652 1669 1787 1702 recenti
1820 1680 1905 1713 quo-

408 1708 488 1742 dam
523 1710 776 1755 interpolatum
809 1721 970 1749 censeret
1002 1718 1132 1759 (exstat.
1163 1719 1256 1753 enim
1288 1721 1383 1764 apud
1408 1721 1642 1758 Pausaniam:
1674 1723 1724 1768 X,
1750 1728 1810 1769 29,
1840 1727 1902 1772 10).

410 1765 510 1799 110111.
546 1767 670 1811 odyss.
707 1769 774 1813 xl,
808 1782 836 1804 v.
861 1774 942 1806 630:
991 1774 1109 1818 θησέα
1142 1773 1336 1820 Πειρίθοόν
1375 1790 1415 1811 τε
1451 1780 1546 1812 θεῶν
1585 1780 1755 1824 &pendam
1793 1784 1903 1816 τέκνα

404 1821 634 1858 Pisistratum
660 1825 813 1861 Homero
840 1827 1073 1873 adscripsisse
1095 1830 1234 1867 Hereas
1251 1833 1476 1878 Megarensis
1502 1841 1557 1871 est
1580 1837 1682 1873 testis
1707 1837 1904 1882 (Plutarch.

403 1878 507 1912 Thes
547 1880 645 1924 XX),
687 1882 742 1915 eui
786 1883 815 1916 si
858 1884 964 1918 etiam
1005 1886 1120 1921 minus
1162 1888 1364 1924 habendum
1405 1896 1501 1927 esset
1539 1892 1624 1928 fidei
1663 1900 1812 1940 propter
1850 1896 1903 1931 in-

402 1940 523 1969 natum
551 1936 773 1972 Athenarum
799 1940 934 1985 odium,
968 1953 1090 1978 versus
1116 1945 1192 1988 ipse
1222 1946 1535 1992 interpolationem
1563 1955 1702 1986 tantum
1735 1962 1807 1987 non
1832 1953 1902 1988 cla-

401 1999 528 2027 maret:
569 2005 676 2037 quum
709 1996 801 2030 enim
835 1997 932 2032 dicat
964 1999 1087 2035 Ulixes
1119 2002 1186 2036 sibi
1221 2003 1410 2040 incessisse
1442 2005 1660 2042 desiderium
1700 2010 1903 2054 προτέρους

402 2047 536 2092 ἄνδρας
567 2051 675 2095 ἰδεῖν,
720 2058 819 2087 estne
860 2056 1050 2092 verisimile
1085 2058 1259 2095 adiecisse
1291 2072 1371 2096 eum
1406 2063 1482 2098 sola
1514 2064 1646 2100 Thesei
1675 2065 1902 2112 Pirithoique

401 2107 570 2141 nomina?
612 2108 650 2141 111
679 2110 838 2145 versibus
856 2111 1012 2157 Necyiae
1030 2118 1187 2151 321-25
1213 2117 1381 2154 dubitans
1406 2119 1550 2166 haereo,
1576 2121 1639 2157 sed
1663 2127 1703 2158 ut
1727 2133 1788 2159 eos
1813 2135 1899 2168 quo-

402 2173 469 2206 qne
497 2164 730 2209 interpolatos
749 2168 901 2213 credam,
929 2173 1185 2213 praeeuntibus
1203 2174 1294 2220 aliis,
1321 2177 1435 2221 magis
1453 2177 1596 2224 inclino,
1621 2185 1804 2224 permotus
1821 2192 1901 2217 cum

401 2220 556 2264 ipsorum
583 2223 800 2260 obscuritate
828 2232 862 2261 et
880 2228 1027 2272 Dionysi
1054 2231 1206 2266 nominis
1231 2232 1345 2268 forma
1371 2235 1482 2271 attica
1506 2237 1696 2282 (Διόνυσος
1719 2238 1821 2277 ἅπαξ
1843 2239 1899 2273 διὰ

398 2280 464 2310 τοῦ
490 2291 509 2310 0
535 2283 681 2322 μικροῡς
709 2282 823 2317 Cram.
843 2285 975 2319 Anecd.
996 2286 1108 2321 Paris.
1127 2288 1189 2332 111,
1215 2292 1292 2334 297,
1318 2293 1379 2336 243
1406 2302 1498 2336 quae
1522 2292 1637 2329 forma
1659 2294 1730 2330 nisi
1745 2295 1784 2330 in
1799 2295 1898 2341 hym-

398 2333 453 2367 nis
487 2335 531 2368 ad
558 2336 737 2372 Bacchum
771 2342 1029 2377 recentioribus
1055 2355 1123 2378 non
1156 2345 1349 2382 invenitur:
1388 2349 1518 2394 Hymn.
1547 2349 1682 2387 homer.
1715 2352 1802 2397 VII,
1834 2355 1897 2398 56;

402 2390 541 2435 XXVI,
573 2397 582 2427 l
613 2400 649 2428 et
680 2399 725 2429 11.
783 2397 851 2431 011.
881 2409 971 2441 quae
1004 2400 1240 2437 Wilamowitz
1267 2404 1358 2440 dixit
1387 2405 1425 2441 in
1450 2406 1557 2443 libro:
1594 2409 1671 2444 Aus
1695 2408 1898 2456 Kydathen,

398 2458 429 2491 p.
449 2450 529 2490 225)
555 2455 627 2483 tum
655 2453 830 2487 mentione
858 2454 1055 2500 l'rocridis,
1091 2458 1260 2495 heroinae
1286 2461 1418 2497 atticae
1443 2468 1479 2498 et
1510 2469 1613 2500 extra
1636 2465 1796 2502 Atticam
1826 2477 1897 2502 non

397 2505 484 2539 satis
510 2508 691 2549 cognitae:
718 2511 867 2554 accedit,
894 2513 987 2555 quod
1014 2513 1103 2549 duas
1130 2526 1294 2552 versuum
1320 2518 1448 2554 horum
1472 2520 1656 2567 lectiones,
1680 2522 1894 2568 Aristopha-

396 2573 497 2596 neam
536 2574 656 2607 uuam,
695 2566 842 2601 alteram
870 2569 1137 2605 Aristarcheam
1176 2572 1433 2611 demonstravit
1458 2576 1637 2622 Bergkius
1668 2578 1894 2621 (Commentt.

396 2620 473 2653 crit.
501 2631 593 2664 spec.
615 2622 653 2655 V.
680 2622 862 2668 Mar-burg.
890 2626 959 2660 ind.
988 2627 1067 2661 lect.
1094 2629 1218 2664 aestiv.
1249 2634 1350 2676 1850,
1377 2643 1410 2676 p.
1427 2634 1478 2678 8);
1511 2644 1652 2670 versum
1677 2640 1774 2672 certe
1806 2640 1891 2673 323:

396 2676 433 2708 ἐκ
462 2674 604 2722 Κρήτης
643 2680 679 2717 ἐς
713 2683 839 2723 γοῡνον
864 2681 1041 2727 Ἀθημαίων
1081 2685 1214 2729 ἱεράων
1248 2687 1355 2723 eiecit
1378 2689 1627 2737 Aristarchus,
1663 2695 1756 2728 teste
1783 2693 1893 2729 Scho-

393 2732 501 2767 liasta
526 2734 561 2768 in
588 2736 751 2779 Apellen.
779 2737 891 2773 Rhod.
919 2741 981 2787 111,
1005 2743 1081 2777 997.
