1957 3293
895 285 1204 326 -106—

310 411 407 450 hanc
436 412 557 459 ipsam
587 422 666 448 rem
695 410 853 448 Romam
888 411 1012 448 missis
1040 411 1099 448 vel
1128 409 1323 448 mittendis
1357 409 1554 458 agitur.⁶⁸)
1609 409 1684 448 Sed
1712 419 1797 457 gra·

311 476 464 512 vissimo
500 475 625 521 magni
661 474 762 511 illius
797 475 896 520 regis
931 485 1021 511 casu
1059 473 1152 511 nihil
1189 473 1312 511 edocti
1346 473 1477 521 populi
1511 473 1674 512 Romani
1707 473 1798 511 ami·

304 537 416 574 citiae
453 536 719 584 praetulerunt
754 536 886 574 Persei
922 537 1023 581 regis
1058 535 1359 573 benevolentiam
1389 539 1426 573 et
1453 547 1527 573 non
1556 536 1679 574 solum
1706 547 1797 575 uxo-

304 610 384 637 rem
416 600 496 636 eius
526 598 738 645 Laodicen,
774 599 921 636 Seleuci
951 598 1084 645 filiam,
1115 602 1241 636 statua
1269 598 1422 646 publice
1451 598 1608 637 decreta
1635 598 1797 637 honora·

305 661 512 708 verunt,⁶⁹)
548 662 614 700 sed
644 663 755 700 etiam
786 663 906 710 ipsius
936 663 1035 709 regis
1065 661 1249 707 edictum,
1287 672 1363 709 quo
1393 662 1524 700 exules
1552 663 1590 699 in
1618 661 1798 700 Macedo-

306 726 405 762 niam
434 725 738 763 restituebantur
766 725 856 762 belli
877 729 1009 763 contra
1037 725 1220 772 populum
1240 724 1452 762 Romanum
1478 724 1641 772 parandi
1669 736 1797 772 causa,

304 789 341 825 in
371 789 560 836 Apollinis
589 789 731 836 templo
767 789 928 836 proponi
964 789 1068 835 passi
1099 787 1242 833 sunt⁷⁰)
1280 788 1446 835 itemque
1482 786 1649 826 foederis
1683 787 1798 826 docu-

302 856 491 897 mentum,
529 851 630 899 quod
658 852 758 889 inter
786 863 912 898 regem
941 851 1196 898 Boeotiosque
1225 851 1339 888 ictum
1371 849 1528 895 erat:‘¹¹)
1564 862 1611 888 ne
1646 851 1796 889 mireris

307 914 422 961 igitur
450 918 537 961 post
566 913 729 951 deletum
759 924 915 960 regnum
938 912 1226 950 Macedonicum
1252 912 1458 956 Romanos,
1480 923 1563 950 cum
1585 923 1661 951 non
1688 912 1798 951 modo

306 979 343 1014 in
373 978 477 1025 ipsos
505 977 647 1020 hostes,
677 976 743 1014 sed
773 977 887 1014 etiam
915 977 954 1013 in
978 977 1163 1022 civitates,
1193 987 1353 1024 quorum
1374 974 1468 1013 fides
1497 979 1677 1023 suspecta
1703 979 1798 1023 erat,

308 1041 477 1078 severius
507 1038 867 1085 animadverterent,
897 1039 1186 1077 Atheniensium
1219 1038 1400 1087 precibus
1428 1038 1601 1077 obsecuti
1629 1042 1668 1077 et
1694 1039 1797 1077 insu-

309 1105 381 1141 lam
412 1104 457 1140 iis
486 1103 706 1150 permisisse
727 1106 765 1140 et
793 1103 977 1150 pristinos
1000 1101 1144 1140 incolas
1163 1102 1202 1139 in
1230 1102 1385 1139 exilium
1405 1102 1584 1149 eiecisse3
1612 1113 1708 1150 quas
1736 1113 1799 1140 res

304 1167 404 1204 infra
435 1166 591 1203 uberius
621 1165 884 1212 tractabimus,
913 1176 997 1202 cum
1025 1164 1074 1202 ad
1102 1165 1255 1203 tertiam
1284 1164 1467 1203 historiae
1495 1163 1666 1204 deliacae
1694 1169 1799 1204 aeta·

306 1233 382 1267 tem
411 1233 562 1267 ventum
594 1229 676 1266 erit.

409 1292 515 1329 Haec
549 1290 628 1328 fere
665 1294 772 1337 sunt,
807 1301 905 1338 quae
941 1289 987 1328 de
1022 1289 1176 1328 casibus
1210 1290 1376 1328 civitatis
1417 1288 1589 1328 deliacae
1631 1290 1801 1329 certiora

305 1356 378 1393 dici
409 1355 574 1402 possint,
604 1365 726 1401 neque
755 1353 930 1401 pluribus
959 1353 1006 1391 de
1036 1354 1090 1391 eis
1120 1363 1233 1401 agere
1261 1354 1419 1397 attinet,
1454 1354 1684 1401 praesertim
1712 1364 1797 1391 cum

304 1420 379 1456 iam
414 1419 452 1455 in
487 1419 555 1462 iis,
594 1428 691 1465 quae
725 1416 836 1455 modo
873 1417 1053 1464 exposui,
1101 1416 1328 1455 divinationi
1364 1420 1403 1454 et
1435 1416 1679 1455 coniecturae
1713 1416 1800 1464 plus

306 1482 481 1520 videatur
500 1481 686 1519 tributum
708 1493 804 1527 esse,
835 1491 947 1528 quam
967 1480 1129 1518 fortasse
1151 1480 1269 1518 licuit.
1316 1479 1392 1518 Sed
1419 1478 1598 1518 addenda
1625 1478 1799 1517 hocloco

305 1557 461 1591 censeo,
499 1557 596 1593 quae
625 1545 839 1583 Homollius
874 1545 913 1581 in
949 1544 1099 1592 paginis
1135 1544 1283 1591 aliquot
1317 1543 1502 1581 acuminis
1537 1546 1576 1580 et
1603 1542 1800 1581 doctrinae

308 1609 442 1656 plenis,
472 1619 564 1645 usus
585 1608 706 1646 titulis
733 1607 958 1655 plerumque
988 1606 1153 1645 nondum
1183 1606 1309 1653 editis,
1338 1606 1516 1654 exposuit
1543 1606 1590 1644 de
1618 1616 1800 1644 commer-

305 1672 352 1709 cii
383 1672 552 1719 vestigiis
582 1671 893 1719 frequentissimi,
924 1670 1026 1718 quod
1054 1671 1154 1707 inter
1178 1670 1377 1707 civitatem
1405 1668 1591 1707 deliacam
1619 1672 1658 1707 et
1684 1668 1799 1707 urbes

307 1735 493 1783 quasdam
524 1735 788 1773 intercedebat
815 1738 1033 1772 mercatura
1060 1731 1310 1779 florentesw)
1366 1733 1408 1770 ln
1437 1743 1514 1780 qua
1539 1731 1799 1780 disputatione

306 1799 427 1836 utitur
463 1810 719 1846 proxenorum
757 1799 905 1836 insulae
935 1797 1149 1836 nominibus
1178 1795 1430 1845 popularibus
1458 1796 1530 1843 ita,
1559 1798 1602 1833 ut
1628 1799 1734 1834 recte
1763 1798 1802 1833 et

306 1866 417 1907 neget
438 1873 553 1899 unum
574 1862 632 1899 vel
659 1862 754 1900 duos
783 1873 974 1909 proxenos
1003 1862 1041 1898 in
1069 1860 1201 1898 eadem
1230 1859 1325 1898 urbe
1354 1859 1496 1898 electos
1524 1859 1619 1897 nihil
1647 1858 1800 1896 demon-

307 1930 444 1971 strare,
474 1937 557 1963 cum
587 1925 742 1963 honoris
771 1936 888 1963 causa
914 1925 1054 1962 homini
1083 1923 1178 1962 bene
1208 1923 1345 1961 merito
1372 1922 1543 1971 potuerit
1570 1933 1707 1960 munus
1735 1932 1801 1959 no-

307 2000 469 2037 menque
497 2001 580 2027 esse
608 1989 788 2035 delatum,
817 1993 855 2026 et
883 1988 913 2025 si
944 1999 1020 2036 qua
1048 1988 1086 2024 in
1115 1986 1209 2024 urbe
1238 1986 1359 2024 maior
1385 1995 1642 2034 proxenorum
1672 1995 1800 2022 nume-

306 2064 371 2090 rus
399 2053 577 2099 occurrit,
604 2052 675 2090 hoc
701 2051 929 2089 documento
959 2062 1042 2089 esse
1071 2053 1230 2096 statuat,
1259 2059 1341 2088 eam
1370 2059 1454 2086 cum
1483 2047 1605 2086 Deliis
1633 2047 1799 2086 arctiore

307 2117 475 2154 amicitia
509 2117 812 2164 commercioque
847 2114 1107 2162 frequentiore
1142 2112 1259 2151 fuisse
1297 2112 1549 2150 coniunctam.
1611 2110 1662 2149 Et
1697 2111 1801 2159 prin-

308 2181 429 2227 cipem
452 2179 604 2227 quidem
631 2179 767 2226 locum,
797 2178 899 2226 quod
929 2178 1080 2215 minime
1110 2177 1257 2222 mirum,
1286 2178 1420 2213 tenent
1447 2173 1683 2213 Rhodiorum
1711 2174 1801 2212 civi-

306 2247 364 2281 tas
402 2247 439 2280 et
477 2242 731 2290 Alexandria,
768 2253 929 2291 quarum
964 2241 1031 2279 illa
1065 2241 1183 2278 octies
1212 2239 1270 2277 vel
1298 2238 1439 2286 decies,
1467 2238 1563 2277 haec
1591 2238 1732 2286 septies
1760 2238 1799 2275 in

306 2308 437 2355 populi
461 2307 597 2345 deliaci
619 2305 784 2343 decretis
805 2305 1035 2353 appellatur.
1084 2302 1159 2341 Sed
1179 2302 1274 2340 haec
1302 2302 1460 2340 minoris
1489 2304 1579 2339 sunt
1607 2301 1800 2348 momenti,

309 2372 399 2419 quia
419 2371 565 2408 insulae
596 2381 678 2407 cum
709 2370 754 2406 iis
784 2366 1101 2406 necessitudinem
1132 2365 1396 2403 intercessisse
1424 2364 1499 2402 iam
1527 2374 1645 2412 supra
1671 2363 1800 2402 multis

307 2447 326 2473 e
348 2434 583 2472 documentis
609 2432 810 2469 didicimus
839 2442 998 2478 eamque
1027 2441 1101 2467 non
1131 2428 1251 2466 solum
1281 2427 1330 2466 ad
1359 2426 1573 2465 commercii
1601 2427 1802 2466 commoda

306 2510 436 2536 verum
459 2499 570 2535 etiam
601 2496 650 2534 ad
679 2500 799 2534 totum
830 2507 955 2533 rerum
986 2498 1126 2533 statum
1155 2492 1290 2532 referri
1319 2503 1433 2541 posse
1461 2494 1635 2540 apparet.
1676 2490 1800 2530 Multo

396 2630 443 2670 ⁶⁸)
468 2628 559 2663 Bull.
586 2627 617 2662 d.
645 2627 742 2662 Corr.
768 2626 859 2661 Hell.
886 2626 982 2670 VIII,
1009 2637 1040 2670 p.
1067 2627 1109 2661 87
1126 2635 1177 2668 sq.
1315 2624 1363 2667 ⁶⁹)
1387 2623 1424 2659 C.
1440 2623 1466 2658 1.
1481 2621 1523 2657 G.
1549 2623 1674 2658 2275·-

398 2687 443 2727 70)
467 2685 587 2730 Polyb.
614 2684 744 2727 XXVI,
763 2687 793 2719 5.
888 2683 933 2726 ⁷¹)
959 2682 1034 2717 Liv.
1060 2681 1170 2727 XLII,
1194 2683 1242 2717 12.
1336 2681 1382 2725 ⁷²)
1406 2679 1568 2716 Homolle
1595 2679 1798 2725 »Rapportt

307 2749 372 2779 etc.
399 2754 431 2787 p.
457 2743 591 2779 26-27
617 2746 653 2776 et
676 2744 719 2777 32
766 2742 820 2777 37.
