1957 3293
921 270 1231 310 —114—

327 401 500 435 senatum
536 396 798 444 populumque
833 393 1000 432 adeundi
1041 396 1130 441 post
1164 393 1269 440 ipsas
1305 402 1369 430 res
1403 401 1535 430 sacras
1568 393 1826 439 pertractatas

328 457 513 508 (πρώτοις
550 457 652 506 μετὰ
687 455 734 494 τὰ
770 455 895 506 ἱερά),
938 456 1180 503 vectigalium
1222 455 1441 492 immunitas
1483 475 1533 480 —
1573 452 1670 491 haec
1709 451 1829 490 usita—

327 520 556 568 tissima13),
591 521 741 559 rariora
775 524 865 557 sunt
893 519 1026 556 civitas
1054 517 1266 563 donata,¹⁴)
1302 514 1535 565 ἀνακὴρυξις
1570 526 1641 564 per
1669 525 1828 563 praeco-

329 595 415 621 nem
444 583 660 631 Apollineis
695 581 799 620 facta
834 592 998 619 coronae
1035 591 1168 618 sacrae
1203 580 1358 617 laureae
1370 577 1418 623 ¹⁵)
1453 578 1531 625 vel,
1567 576 1671 626 quod
1707 576 1828 625 pluris

330 646 444 683 etiam
482 645 780 691 aestimabatur,
816 655 981 682 coronae
1019 654 1160 682 aureae
1195 654 1219 681 a
1245 642 1390 690 populo
1424 639 1684 687 decretae,¹⁶›
1719 650 1831 678 sacra

329 719 398 756 pro
427 708 551 745 salute
571 708 653 745 deis
681 707 784 745 facta
812 710 942 754 (quem
963 706 1146 744 honorem
1167 705 1331 743 Philocli
1358 704 1441 751 regi
1462 702 1619 741 Sidonio
1640 701 1826 740 tributum

330 769 550 816 scimus)‚¹⁷)
570 770 734 817 denique
755 769 837 806 dies
858 767 944 806 festi
973 768 1139 805 instituti
1159 767 1309 804 nomine
1338 766 1410 803 viri
1438 765 1616 804 honorati
1642 765 1823 812 insignes.

432 832 538 879 Quae
567 833 700 880 populi
729 831 887 869 decreta
914 835 958 868 ut
982 834 1070 868 rata
1095 833 1236 875 essent,
1265 839 1423 866 necesse
1451 831 1536 866 erat
1564 838 1610 866 ea
1637 838 1661 866 a
1687 830 1826 865 senatu

333 895 438 942 prius
467 895 619 941 sanciri,
649 893 896 942 quamobrem
915 892 1080 930 formula
1098 893 1145 929 iis
1166 891 1463 939 praescribitur:
1493 886 1608 935 ἔδοξε
1636 892 1684 941 τῇ
1708 887 1832 938 βουλῇ

331 956 397 993 καὶ
426 961 480 1007 τῷ
505 955 626 1007 δήμῳ.
674 956 881 995 Senatores
910 954 1062 1003 quidem
1091 954 1180 992 Deli
1208 958 1303 1002 quot
1330 952 1485 1000 fuerint,
1513 953 1713 1001 ignoratur
1738 953 1831 990 item

332 1025 448 1068 atque
478 1031 555 1068 qua
582 1021 731 1058 ratione
760 1020 837 1057 sint
865 1019 1002 1056 creati:
1038 1021 1165 1055 utrum
1194 1021 1318 1063 sorte,
1346 1020 1389 1054 ut
1414 1016 1594 1062 Athenis,
1623 1026 1672 1053 an
1699 1014 1833 1062 populi

333 1083 546 1130 suffragiis;
575 1094 722 1121 annuos
752 1093 817 1120 eos
837 1080 956 1119 fuisse
976 1084 1141 1128 apparet
1168 1092 1188 1118 e
1217 1079 1393 1126 formula,
1423 1089 1522 1127 quae
1549 1077 1834 1116 inscribebatur

332 1145 489 1183 vasculo
518 1155 636 1183 aureo
664 1144 873 1192 quotannis
901 1143 1073 1190 Apollini
1100 1146 1258 1181 senatus
1294 1142 1445 1180 nomine
1474 1140 1622 1179 oblato:
1668 1137 1691 1190 ἡ
1715 1136 1835 1187 βουλὴ

333 1205 356 1256 ἡ
383 1206 442 1244 ἐπὶ
469 1207 542 1243 τοῦ
573 1206 680 1244 ὃεῖνα
708 1205 971 1257 ἅρχοντο;.19)
1026 1206 1086 1243 Ex
1114 1206 1408 1253 hieropoeorum
1440 1204 1556 1242 etiam
1582 1202 1726 1241 tabulis
1754 1201 1831 1239 dis-

334 1270 454 1307 cimus
483 1273 657 1307 senatum
685 1268 804 1306 fuisse
833 1268 996 1306 divisum
1024 1269 1064 1305 in
1093 1266 1294 1305 duodecim
1323 1269 1476 1314 partes,
1505 1276 1605 1314 quae
1632 1263 1836 1313 πρυτάνεις

334 1331 371 1368 οἵ
398 1330 499 1367 κατὰ
522 1331 624 1381 μῆνα
651 1331 960 1378 appellabantur.
1003 1330 1091 1368 Non
1118 1333 1224 1367 recte
1256 1328 1411 1377 quidem
1438 1327 1546 1366 Nenz
1573 1327 1647 1366 sibi
1674 1337 1834 1375 persua—

336 1395 387 1431 sit
413 1394 482 1432 has
503 1405 587 1432 esse
616 1395 785 1441 singulas
814 1406 834 1432 e
864 1394 1023 1442 singulis
1043 1393 1222 1431 tribubus
1241 1389 1486 1440 sumptas,²⁰)
1515 1401 1612 1438 quas
1637 1390 1713 1428 iam
1739 1388 1836 1427 vidi-

335 1469 420 1495 mus
448 1456 567 1494 fuisse
596 1461 800 1504 quattuor3
828 1456 1142 1494 verisimillimum
1163 1459 1293 1493 tamen
1313 1458 1373 1493 est
1398 1454 1498 1492 hanc
1524 1453 1749 1491 divisionem
1778 1463 1836 1490 se—

337 1519 503 1557 cundum
531 1520 665 1567 populi
694 1519 886 1567 quandam
906 1518 1196 1566 discriptionem
1225 1516 1366 1555 factam
1392 1527 1489 1563 esse,
1518 1519 1561 1554 ut
1587 1527 1664 1554 non
1691 1518 1835 1553 temere

337 1583 429 1620 mihi
460 1582 594 1621 videar
627 1586 798 1620 statuere
827 1594 847 1620 e
875 1581 1075 1619 duodecim
1110 1581 1254 1628 trittyis
1282 1583 1433 1618 creatas
1467 1590 1552 1617 esse
1586 1578 1672 1616 illas
1705 1580 1838 1626 partes

339 1649 399 1689 (ut
425 1645 588 1682 Athenis
618 1656 638 1682 e
666 1645 821 1692 phylis),
851 1655 949 1692 quae
978 1655 1048 1692 per
1077 1643 1246 1691 singulos
1275 1653 1426 1680 menses
1454 1642 1605 1680 senatui
1632 1643 1837 1689 prytanum

337 1709 489 1746 nomine
509 1712 735 1756 praeessent
754 1718 962 1755 omnesque
991 1718 1053 1744 res
1075 1706 1232 1743 minoris
1251 1705 1432 1743 momenti
1451 1707 1646 1752 gererent:
1675 1713 1838 1752 quarum

338 1771 605 1819 gravissimum
635 1774 729 1815 erat,
759 1775 803 1808 ut
829 1781 907 1808 una
934 1780 1019 1807 cum
1038 1768 1257 1816 hieropoeis
1285 1767 1440 1805 aeraria
1467 1770 1506 1805 et
1533 1777 1683 1805 sacrum
1713 1769 1752 1803 et
1770 1776 1839 1813 pu-

338 1834 478 1872 blicum
507 1834 732 1872 clauderent
765 1838 882 1881 atque
916 1832 1171 1870 recluderent.
1228 1830 1262 1868 E
1290 1833 1510 1868 senatorum
1538 1839 1697 1867 numero
1731 1831 1838 1866 certe

339 1897 552 1945 eligebatur
571 1897 760 1934 contionis
785 1897 977 1944 princeps,
1008 1895 1074 1942 qui
1101 1893 1285 1942 populum
1313 1894 1353 1930 in
1373 1891 1555 1940 suffragia
1580 1890 1768 1938 mittebat,
1797 1893 1841 1928 ut

431 2040 476 2084 ¹3)
501 2039 541 2072 In
568 2037 732 2072 omnibus
757 2036 831 2071 fere
863 2040 1055 2071 occurrunt
1086 2035 1240 2070 decretis
1267 2033 1492 2078 honorificis,
1522 2037 1564 2068 ut
1593 2042 1739 2068 necesse
1769 2041 1839 2067 non

340 2096 387 2131 sit
412 2095 577 2139 exempla
601 2094 752 2129 adferre.
916 2095 960 2136 ¹⁴)
987 2093 1035 2128 Ut
1059 2091 1276 2137 Apollodoro
1303 2090 1486 2136 Apollonii
1510 2090 1533 2124 f.
1559 2099 1670 2135 supra
1692 2089 1765 2124 iam
1789 2088 1840 2123 vi—

340 2152 475 2187 dimus:
501 2151 664 2186 Homolle
693 2151 896 2195 »Rapport«
924 2153 990 2183 etc.
1018 2159 1050 2192 p.
1076 2150 1131 2192 28,
1157 2158 1190 2181 n.
1216 2149 1248 2182 8.
1372 2147 1417 2188 ¹⁶)
1444 2148 1679 2189 στεφανῶσαι
1703 2145 1842 2190 δάφνης

342 2209 516 2254 στεφάνῳ
541 2211 593 2253 τῷ
620 2208 710 2252 ἱερῷ
742 2207 799 2239 καὶ
831 2206 1077 2249 ἀναγορεῦσαι
1102 2204 1166 2236 τὸν
1192 2202 1414 2248 ἱεροκήρυκα
1440 2204 1478 2235 ἐν
1503 2205 1555 2248 τῷ
1589 2202 1742 2248 θεάτρῳ
1767 2202 1842 2240 τοῖς

336 2264 584 2308 Ἆπολλωνίοις,
611 2264 697 2297 ὅταν
725 2263 758 2296 υἱ
783 2262 877 2306 ἱεροὶ
897 2261 1009 2307 χοροὶ
1035 2263 1108 2293 τῶν
1128 2260 1265 2293 παίδων
1292 2259 1553 2302 ἀγωνίζωνται
1578 2258 1671 2293 Bull.
1690 2257 1723 2293 d.
1741 2257 1840 2294 Con.

341 2322 514 2366 He11.1V‚
541 2333 573 2366 p.
596 2324 674 2356 351.
815 2320 858 2364 ¹⁶)
885 2320 1124 2362 στεφανῶσαι
1149 2317 1260 2350 αὐτὸν
1283 2318 1413 2362 χρυσῷ
1439 2315 1613 2360 στεφάνῳ
1637 2315 1708 2349 ἀπὸ
1731 2314 1842 2361 δραχ-

341 2381 418 2419 μῶν
443 2378 566 2424 χιλίων
593 2379 649 2411 καὶ
682 2377 932 2421 ἀναγορεῦσαι
965 2376 1026 2408 τὸν
1060 2374 1276 2419 ἱεροκήρυκα
1302 2374 1340 2406 ἐν
1366 2374 1418 2418 τῷ
1449 2371 1603 2418 θεάτρῳ
1627 2373 1702 2411 τοῖς
1723 2369 1840 2405 Ἀκολ-

342 2435 478 2474 λωνίοις
503 2439 588 2469 etc.:
615 2433 707 2468 Bull.
734 2433 766 2467 d.
793 2433 890 2467 Corr.
918 2431 1010 2466 Hell.
1036 2430 1097 2475 IV,
1124 2441 1156 2475 p.
1182 2431 1260 2466 327.
1355 2429 1398 2473 ¹⁷)
1424 2427 1514 2463 Ibid.
1607 2428 1654 2472 1θ)
1678 2425 1842 2463 Φιλαδέλ-

341 2504 439 2537 peta,
466 2490 708 2536 Φιλεταίρεια,
744 2489 969 2533 Σωπάτρεια,
997 2486 1203 2533 Ila-miztia,
1227 2486 1339 2522 multa
1361 2485 1449 2521 alia:
1484 2485 1547 2521 cfr.
1572 2484 1716 2521 Demnr.
1742 2485 1840 2520 arch.

343 2550 411 2584 inv.
444 2553 488 2584 54
520 2554 555 2584 et
589 2553 634 2584 55
672 2553 708 2582 et
737 2547 905 2582 Homollii
944 2545 1236 2581 commentarium
1268 2544 1305 2579 in
1337 2543 1429 2578 Bull.
1461 2543 1493 2578 d.
1526 2542 1624 2578 Corr.
1655 2541 1748 2592 nell.
1780 2541 1842 2587 vl,

343 2618 376 2651 p.
408 2609 593 2642 143—144.
736 2606 777 2648 ¹⁹)
806 2603 968 2648 Exempli
996 2603 1113 2647 gratia
1138 2614 1157 2637 e
1182 2601 1302 2636 multis
1328 2611 1437 2636 unum
1461 2599 1591 2635 affero:
1617 2599 1717 2635 Dem.
1743 2598 1840 2634 arch.

343 2664 412 2699 inv.
455 2666 513 2699 131
555 2662 705 2707 legimus
749 2660 906 2706 »Βουλῆς
941 2664 1004 2706 τῆς
1041 2659 1098 2694 ἐπ’
1138 2658 1320 2706 ἄρχοντος
1359 2657 1482 2693 Νικίου.
1643 2656 1693 2703 ²⁰)
1730 2655 1842 2703 Nenz,

343 2731 399 2766 op.
424 2720 458 2766 l.‚
484 2731 517 2764 p.
544 2722 577 2755 6.
