1957 3293
888 308 1194 350 —172—

292 446 386 483 pore
415 434 757 473 administrationis
786 433 1115 481 amphictyonicae
1144 432 1253 471 nobis
1289 436 1378 471 sunt
1411 437 1526 479 nota,
1560 435 1605 471 ut
1638 431 1794 470 demon-

293 504 416 535 strare
445 508 561 545 supra
591 501 751 535 conatus
781 507 883 542 sum,
925 495 996 533 sub
1032 496 1117 533 aliis
1152 495 1388 542 nominibus,
1424 495 1576 543 reliqua
1609 494 1684 532 duo
1719 505 1795 533 non

292 565 382 598 ante
411 559 575 597 medium
605 559 798 597 saeculum
828 559 982 595 tertium
1011 562 1202 605 apparent
1235 558 1274 594 in
1303 557 1598 605 hieropoeorum
1635 556 1794 603 tabulis,

293 634 522 671 quamquam
560 622 724 660 fortasse
759 626 959 659 exstructa
995 625 1083 657 sunt.
1117 621 1235 658 multo
1271 621 1344 658 iam
1379 621 1506 668 prius;
1547 616 1653 656 οἷκον
1690 623 1795 658 certe

295 685 458 723 alterum
488 685 536 724 ab
557 685 727 731 Andriis,
757 689 799 722 ut
827 695 964 721 nomen
993 684 1115 731 ipsum
1143 683 1300 727 iudicat,
1329 683 1400 720 deo
1427 687 1694 721 consecratum
1713 692 1795 720 cre·

294 748 455 786 diderim
485 749 558 786 iam
587 752 760 795 tempore
789 746 1097 793 amphictyoniae
1126 745 1447 791 attico-deliacae,
1476 755 1552 793 quo
1580 745 1696 783 etiam
1716 755 1796 783 am-

293 810 520 858 phictyones
549 822 679 848 eorum
709 809 965 857 appellantur,
994 808 1043 846 ad
1070 809 1172 846 dona
1198 820 1267 846 sua
1286 807 1518 856 recipienda,
1547 811 1684 856 postea
1702 818 1793 846 vero

294 874 478 911 societate
508 872 658 920 dilapsa
686 872 911 909 derelictum
941 876 978 908 et
1006 883 1028 909 a
1056 870 1179 909 Deliis
1214 871 1263 909 ad
1291 871 1417 909 varios
1450 881 1544 908 usus
1577 869 1792 908 adhibitum

293 959 342 964 —
377 937 539 984 primum
569 936 622 973 ibi
652 935 832 973 discimus
861 935 981 982 ligna,
1018 934 1168 978 trabes,
1204 934 1372 981 tegulas,
1407 934 1484 972 alia
1511 933 1561 971 ad
1590 931 1796 971 aedifican-

294 999 381 1037 dum
411 999 630 1036 necessaria
659 997 932 1043 asservat-a,⁷⁰)
970 996 1146 1034 Demaris
1176 1001 1302 1034 autem
1330 1000 1502 1044 tempore
1537 1005 1584 1034 ae
1617 995 1692 1033 iam
1729 995 1797 1033 ali-

295 1066 387 1110 quot
423 1062 533 1099 annis
569 1066 658 1098 ante
695 1060 796 1098 dona
829 1061 1000 1108 Apollini
1036 1060 1162 1098 dicata
1194 1061 1352 1098 minoris
1393 1060 1526 1107 pretii;
1568 1058 1615 1096 de
1658 1057 1795 1106 porino

294 1137 405 1172 oeco,
434 1126 541 1163 cuius
571 1136 707 1162 nomen
737 1123 835 1161 unde
865 1123 1020 1161 ductum
1050 1123 1111 1169 sit,
1140 1123 1266 1170 ipsum
1293 1121 1458 1169 indicat,
1487 1121 1582 1160 nihil
1610 1121 1685 1159 dici
1714 1124 1799 1169 pot-

295 1194 370 1235 est,
409 1189 481 1225 nisi
511 1200 530 1225 e
560 1187 737 1224 Demaris
773 1185 989 1224 rationibus
1019 1197 1207 1233 apparere
1243 1196 1367 1233 pauca
1393 1189 1542 1223 tantum
1568 1185 1608 1222 in
1637 1195 1681 1222 eo
1711 1194 1796 1221 esse

296 1251 397 1290 dona
427 1250 606 1297 deposita
633 1271 682 1276 -—
704 1249 871 1286 sedecim
889 1248 1046 1286 vascula
1066 1251 1317 1285 numerantur
1335 1246 1589 1295 argentean)
1635 1245 1800 1284 Praeter

296 1316 464 1363 quinque
499 1313 595 1351 haec
629 1311 806 1350 aedificia
841 1312 917 1349 alia
952 1311 1027 1349 duo
1062 1310 1395 1348 commemoranda
1437 1313 1546 1357 sunt,
1589 1320 1688 1358 quae
1722 1308 1800 1347 Ho-

295 1377 448 1415 mollius
477 1374 632 1420 dixit72)
662 1376 770 1413 initio
799 1379 947 1413 tantum
977 1374 1121 1412 saeculi
1149 1374 1254 1411 tertii
1281 1374 1320 1410 in
1348 1373 1575 1412 inventariis
1610 1372 1801 1420 appellari

296 1461 344 1468 —-
375 1437 628 1476 Ιίἱλειθυιαῖον
657 1443 697 1476 et
725 1437 999 1476 Chalcothece:
1037 1439 1146 1486 prius
1176 1448 1260 1475 esse
1289 1436 1468 1484 Ilithyiae
1496 1435 1591 1475 deae
1619 1435 1801 1484 templum

296 1514 372 1540 non
394 1501 575 1549 estquod
594 1513 780 1547 moneam,
811 1512 925 1549 quam
954 1512 974 1538 e
1002 1500 1126 1538 titulis
1155 1499 1313 1537 deliacis
1343 1499 1482 1536 scimus
1510 1497 1621 1537 donis
1650 1509 1803 1546 quoque

297 1566 539 1611 honoratam,
562 1569 679 1611 atque
699 1565 914 1612 antiquitus
935 1562 1100 1611 quidem,
1120 1574 1205 1600 cum
1227 1563 1310 1600 eius
1337 1561 1467 1600 fanum
1494 1561 1628 1609 primis
1655 1564 1806 1599 tantum

298 1626 444 1664 liberae
469 1625 704 1673 reipublicae
726 1626 836 1662 annis
856 1636 978 1673 usque
1000 1624 1049 1662 ad
1070 1623 1264 1662 Charilam
1290 1623 1513 1661 archontem
1539 1625 1646 1670 (269)
1674 1633 1806 1661 occur-

301 1694 361 1727 rat
399 1690 438 1726 in
475 1689 767 1735 hieropoeorum
803 1687 964 1734 tabulis,
993 1691 1130 1734 postea
1158 1697 1247 1723 vero
1276 1685 1470 1723 desertum
1499 1685 1675 1724 videatur
1703 1685 1805 1724 omni

301 1751 540 1799 supellectile
584 1751 622 1787 in
665 1750 741 1788 alia
783 1748 1051 1796 translata;⁷³›
1094 1747 1347 1786 Chalcothece
1387 1751 1514 1786 utrum
1555 1759 1617 1786 res
1656 1751 1804 1786 tantum

300 1825 441 1852 aeneas
463 1815 711 1859 continuerit,
741 1817 783 1850 ut
803 1824 940 1851 nomen
961 1811 1119 1858 indicat,
1148 1823 1197 1850 an
1226 1811 1323 1850 alias
1352 1812 1467 1850 etiam
1494 1811 1651 1850 maioris
1677 1811 1804 1859 pretii,

300 1889 346 1914 ex
375 1876 556 1914 Homollii
586 1877 738 1914 silentio
769 1875 973 1912 diiudicari
1001 1886 1075 1912 non
1107 1875 1207 1922 quit;
1236 1873 1304 1912 sed
1332 1878 1438 1912 certe
1466 1877 1554 1922 post
1572 1873 1805 1922 Hypsoclem

300 1940 524 1978 archontem
554 1947 603 1981 (a.
628 1941 718 1981 279)
748 1940 787 1976 in
806 1938 1022 1977 rationibus
1043 1950 1117 1976 non
1137 1938 1302 1986 amplius
1322 1941 1654 1984 commemoratur,
1673 1947 1805 1985 quam-

302 2002 432 2040 obrem
461 2002 511 2040 ad
542 2014 623 2040 eam
646 2003 873 2040 sententiam
902 2002 1057 2049 inclino,
1086 2013 1169 2040 cum
1190 2001 1373 2050 templum
1392 2011 1468 2039 non
1489 2003 1602 2047 esset,
1630 1999 1805 2039 consulto

302 2076 386 2102 esse
426 2065 601 2103 dirutam.
660 2066 894 2103 Mentionem
931 2065 1022 2103 fecit
1051 2064 1264 2102 Homollius
1297 2064 1460 2102 aliorum
1495 2063 1611 2101 etiam
1639 2073 1806 2110 quorun-

302 2127 387 2165 dam
411 2128 684 2174 aedificiorum,
710 2130 748 2165 in
771 2128 908 2176 quibus
938 2127 1211 2165 asservabatur
1239 2131 1282 2164 ut
1308 2127 1347 2164 in
1363 2123 1536 2175 Ἀνδρίων
1563 2122 1659 2175 οἴκῳ
1685 2135 1805 2173 quon-

302 2190 390 2228 dam
427 2192 589 2229 materia
619 2192 724 2229 varia
759 2191 805 2228 ad
836 2189 1113 2228 aedificandum
1144 2189 1364 2227 necessaria
1390 2209 1439 2215 -
1467 2191 1557 2226 sunt
1583 2186 1696 2225 haec:
1736 2184 1806 2238 Δη-

303 2253 391 2289 λίων
419 2251 604 2300 οἷκ(ις,74)
635 2252 784 2297 Ναξίων
812 2250 996 2299 υἷκ()ς,7·”)
1026 2251 1217 2294 πλίνθινος
1244 2249 1428 2298 οἶκος,75)
1463 2250 1510 2289 de
1539 2249 1678 2299 quibus
1706 2260 1804 2299 quae

303 2317 376 2354 iam
407 2316 482 2354 alio
514 2317 596 2354 loeo
625 2316 794 2354 breviter
823 2317 996 2364 exposui,
1025 2315 1074 2354 ad
1104 2327 1149 2354 ea
1177 2315 1271 2353 nihil
1299 2313 1441 2353 addere
1469 2324 1636 2362 possum.

394 2424 440 2465 70)
465 2423 597 2457 Charil.
622 2422 717 2457 arch.
739 2423 806 2456 inv.
826 2422 918 2456 ined.
945 2422 1005 2456 lin.
1023 2424 1175 2457 93—98:
1202 2421 1292 2456 Bull.
1312 2420 1354 2455 de
1373 2420 1471 2456 Corr.
1489 2418 1654 2464 Heu.V1‚
1678 2430 1712 2465 p.
1730 2421 1804 2455 135.

392 2482 436 2526 ⁷¹)
462 2480 516 2515 Ne
542 2492 649 2515 unum
677 2480 818 2524 quidem
846 2490 985 2514 versum
1011 2480 1207 2523 complent:
1233 2478 1375 2513 Demar.
1401 2476 1498 2512 arch.
1524 2477 1593 2512 inv.
1618 2475 1679 2511 lin.
1703 2477 1776 2512 179.

394 2538 437 2582 72)
464 2537 555 2571 ΒυΙΙ.
589 2537 631 2572 (le
658 2538 755 2572 Corr.
782 2537 873 2571 Holl.
890 2537 956 2581 VI,
989 2548 1021 2581 p.
1040 2538 1094 2572 87.
1286 2535 1333 2579 ⁷³)
1366 2532 1548 2570 Ctesilidis
1576 2531 1686 2579 φιάλη
1715 2531 1804 2568 deae

303 2595 421 2629 dicata
455 2595 678 2639 primumque
711 2594 745 2628 in
781 2594 857 2628 eius
889 2594 1021 2638 templo
1052 2598 1236 2628 asservata
1267 2591 1449 2637 (Hypsocl.
1480 2589 1577 2626 arch.
1609 2589 1679 2625 inv.
1710 2589 1803 2624 ined.

303 2653 363 2686 lin.
389 2654 462 2696 115)
489 2651 642 2685 Demare
669 2650 839 2684 archonte
865 2650 900 2684 in
918 2649 1097 2694 Apollinis
1122 2648 1210 2684 aede
1235 2648 1416 2684 invenitur
1439 2646 1594 2691 (Demar.
1618 2644 1715 2681 arch.
1734 2644 1803 2681 inv.

304 2709 364 2743 lin.
383 2712 452 2751 50).
593 2708 640 2751 ⁷⁴)
666 2707 798 2743 Charil.
824 2707 920 2741 arch.
947 2706 1015 2741 inv.
1042 2705 1134 2741 ined.
1160 2705 1221 2740 lin.
1238 2707 1384 2741 98—99.
1513 2703 1558 2748 ⁷⁵)
1583 2701 1804 2748 Agatharch.

304 2765 399 2800 arch.
426 2765 494 2799 inv.
521 2764 613 2799 ined.
752 2764 798 2807 ⁷⁸)
823 2763 956 2798 Charil.
982 2762 1078 2798 arch.
1105 2762 1173 2797 inv.
1199 2761 1294 2798 ined.
1318 2761 1379 2797 lin.
1395 2761 1568 2798 99-102.
