1979 3326
752 300 1037 340 -49-

139 425 330 474 penderet
366 430 437 463 100
466 424 546 470 dr.,
584 423 754 462 secunda
785 446 823 450 —-
861 421 1011 467 1122l3,
1048 422 1164 458 tertia
1194 442 1239 446 —
1270 419 1405 466 68⁵ss,
1441 422 1581 467 quarta
1612 438 1654 442 —

142 487 277 535 68¹s2,
317 487 453 535 quinta
483 508 528 513 -
563 486 715 533 118¹s2,
753 489 863 523 sexta
896 488 1044 522 tantum
1083 489 1129 521 63
1160 480 1274 527 dr.⁶²)
1337 482 1443 528 Quae
1484 479 1658 528 pondera

142 553 324 589 accurate
362 549 594 597 perscripsi,
638 549 819 596 quoniam
857 548 1032 588 existimo
1069 549 1215 584 tantam
1259 556 1390 582 eorum
1431 544 1658 582 varietatem

142 612 341 651 fortuitam
378 623 455 650 non
494 623 578 649 esse
608 612 732 659 iisque
762 611 951 648 illustrari
981 607 1261 656 quodammodo
1288 619 1416 644 rerum
1447 610 1590 644 statum
1618 605 1658 641 in

141 675 444 713 Atheniensium
474 675 652 712 civitate:
683 674 826 722 prima,
856 676 898 710 ut
927 683 1078 719 semper
1105 669 1159 718 fit,
1188 671 1330 708 iustum
1359 669 1511 718 pondus
1541 672 1658 715 atque

144 739 226 776 sine
256 737 372 775 dubio
401 738 536 785 populi
567 737 723 775 decreto
745 739 918 774 sanctum
938 734 1092 780 habuit3
1122 733 1291 771 secunda
1312 733 1359 771 ob
1379 733 1500 780 pacis,
1530 730 1658 776 cred0,

143 812 242 849 quae
271 812 295 839 a
321 801 435 839 Nicia
463 812 601 839 nomen
630 800 756 850 duxitj,
786 799 979 848 gaudium,
1007 803 1052 836 ut
1079 798 1151 836 deo
1180 797 1314 846 populi
1342 796 1468 844 gratia
1496 793 1658 832 referre-

147 867 223 910 tur,
252 862 356 902 facta
384 867 444 901 est
470 864 672 912 grandior3
700 864 816 901 tertia
843 864 918 901 iam
948 863 1068 900 multo
1095 865 1154 899 est
1173 862 1308 906 minor,
1338 859 1446 897 cuius
1466 859 1522 896 rei
1543 868 1661 895 causa

145 938 222 965 non
250 931 380 975 patet,
410 927 478 965 sed
507 927 600 965 licet
628 928 798 975 cogitare
828 926 874 964 de
903 925 1007 964 bello
1035 926 1074 962 in
1102 925 1373 972 Peloponneso
1403 925 1510 969 gesto
1540 924 1655 967 atque

147 988 194 1027 de
223 1001 354 1037 pugna
382 989 432 1027 ad
461 990 701 1028 Mantineam
730 989 851 1035 facta,
887 992 1027 1036 quarta
1056 987 1226 1025 eiusdem
1254 985 1334 1024 fere
1364 984 1435 1022 fuit
1463 983 1658 1031 ponderis,

146 1063 272 1101 neque
299 1053 458 1100 mirum,
494 1064 610 1100 quum
638 1054 713 1091 iam
741 1053 959 1089 immineret
987 1051 1116 1089 clades
1145 1051 1264 1088 totius
1299 1047 1391 1085 belli
1419 1047 1586 1084 maxima
1621 1045 1660 1081 in

148 1114 282 1153 Sicilia
316 1119 478 1162 accepta
519 1118 635 1162 atque
677 1115 763 1162 ipsa
798 1114 928 1151 Attica
969 1124 992 1150 a
1033 1111 1228 1160 praesidio
1263 1109 1659 1148 Lacedaemoniorum

144 1176 334 1214 Deceleae
364 1177 551 1215 collocato
587 1176 856 1222 infestaretur;
890 1176 1027 1223 quinta
1055 1175 1272 1222 Glaucippo
1307 1173 1491 1212 archonte
1527 1171 1656 1209 dicata

143 1239 299 1277 maximi
326 1240 444 1287 pretii
471 1240 572 1277 inter
606 1250 737 1277 omnes
775 1242 813 1276 et
847 1242 962 1276 antea
999 1241 1037 1275 et
1070 1240 1205 1286 postea
1243 1240 1509 1281 consecratas,
1547 1233 1658 1282 quasi

143 1301 326 1340 indicium
358 1301 508 1340 videtur
542 1301 780 1350 reipublicae
814 1305 903 1349 post
938 1312 1097 1348 magnas
1127 1299 1339 1338 Alcibiadis
1374 1299 1555 1336 victorias
1592 1307 1661 1334 na-

144 1364 250 1402 vales
278 1375 378 1402 nova
413 1375 481 1412 spe
517 1364 788 1412 prosperitatis
825 1368 863 1401 et
902 1363 1173 1401 dominationis
1209 1363 1353 1408 elatae3
1389 1365 1523 1399 sextae
1554 1359 1660 1397 deni-

146 1439 232 1476 que,
261 1438 360 1475 quae
388 1432 524 1466 contra
553 1431 611 1466 est
639 1428 805 1466 omnium
831 1428 1035 1473 levissima,
1067 1428 1258 1474 exiguitas
1286 1430 1501 1474 temporum
1531 1423 1660 1470 arguit

145 1492 400 1540 iniquitatem,
432 1502 518 1529 cum
547 1492 597 1529 sit
627 1491 698 1529 deo
720 1491 850 1529 oblata
868 1491 1002 1538 paucis
1022 1489 1218 1527 mensibus
1247 1493 1336 1527 ante
1364 1499 1532 1537 pugnam
1552 1485 1657 1534 apud

145 1554 456 1603 Aegospotamos
485 1556 738 1594 commissam.

146 1686 400 1732 dedicationis,
432 1686 493 1730 qui
525 1697 605 1721 cum
634 1686 821 1721 Deliorum
853 1691 1013 1730 tempore
1047 1695 1118 1719 non
1151 1683 1293 1718 videtur
1325 1681 1534 1725 convenire,
1568 1679 1662 1713 infra

147 1743 256 1778 verba
279 1743 420 1788 faciam,
444 1754 539 1778 nunc
570 1743 792 1788 Olympiadis
818 1753 1005 1777 numerum
1031 1746 1170 1776 tantum
1200 1750 1305 1775 nosse
1336 1739 1503 1778 interest;
1537 1742 1663 1771 octava

148 1800 287 1836 decima
312 1810 444 1836 corona
468 1805 766 1835 commemoratur
791 1800 827 1834 in
853 1799 1058 1834 traditionis
1082 1797 1256 1832 laterculo
1285 1796 1457 1839 Sosigene
1490 1794 1662 1829 archonte

149 1858 218 1903 (Ol.
242 1861 321 1903 109,
347 1860 383 1901 3)
407 1858 608 1902 perscripto
635 1857 740 1902 (Bull.
767 1856 800 1891 d.
827 1857 924 1891 Corr.
952 1856 1045 1890 Hell.
1064 1855 1161 1899 VIII,
1188 1866 1221 1898 p.
1241 1857 1308 1889 299
1323 1854 1431 1897 sqq.)·,
1457 1852 1662 1886 vicesimam

149 1916 221 1950 iam
244 1919 435 1950 numerant
458 1915 758 1959 Amphictyones,
792 1914 853 1957 qui
885 1924 942 1948 res
975 1923 1096 1948 sacras
1123 1923 1159 1946 se
1188 1911 1371 1955 accepisse
1398 1910 1612 1954 profitentur
1642 1917 1664 1941 a

150 1972 300 2016 collegio
331 1972 411 2017 illo,
444 1972 539 2016 quod
561 1972 747 2006 Euaeneto
774 1970 946 2005 archonte
975 1970 1041 2014 (Ol.
1075 1973 1146 2013 111,
1172 1970 1205 2013 2)
1231 1978 1360 2002 munus
1386 1967 1474 2001 obiit
1505 1966 1557 2008 (C.
1578 1965 1604 1999 I.
1620 1965 1662 1999 A.

152 2031 204 2076 11,
228 2032 313 2074 824,
345 2029 406 2063 lin.
432 2029 567 2074 2—3);
603 2028 834 2063 confirmatur
873 2037 960 2062 usus
997 2025 1257 2070 quodammodo
1295 2024 1437 2059 nomine
1476 2024 1662 2067 ἀριστεῖον

151 2091 216 2123 τοῦ
242 2089 333 2122 θεοῦ
358 2096 510 2121 coronae
536 2086 621 2120 huic
646 2085 777 2130 indito,
809 2094 878 2128 quo
905 2088 1045 2118 constat
1071 2083 1179 2118 etiam
1204 2082 1303 2116 illam
1329 2081 1547 2126 appellatam
1574 2089 1665 2123 esse,

152 2156 245 2192 quae
270 2145 355 2179 item
381 2143 506 2187 quinto
531 2152 672 2187 quoque
699 2151 790 2176 anno
817 2141 982 2175 Athenae
1011 2137 1157 2173 Πολιάδι
1183 2138 1401 2173 offerebatur
1426 2137 1570 2180 Magnis
1596 2136 1663 2170 Pa-

152 2202 364 2239 nathenaeis
389 2200 441 2245 (C.
455 2200 482 2234 I.
497 2201 540 2234 A.
558 2200 603 2244 II,
628 2202 713 2244 652,
743 2200 786 2233 A.
813 2198 872 2232 lin.
891 2200 1027 2232 28—29
1059 2201 1094 2231 et
1123 2196 1163 2231 B.
1194 2196 1253 2230 lin.
1290 2197 1437 2238 15--163
1470 2193 1555 2228 ibid.
1585 2195 1664 2238 667,

152 2262 214 2296 lin.
231 2262 394 2304 26—27),
419 2263 459 2293 ut
482 2257 589 2292 facile
615 2256 771 2290 animum
798 2255 947 2290 inducas
972 2265 1100 2289 nomen
1124 2254 1193 2288 hoc
1211 2264 1291 2288 cum
1308 2263 1375 2287 usu
1393 2252 1471 2296 ipso
1490 2251 1534 2285 ab
1553 2250 1664 2284 Athe-

153 2317 338 2354 niensibus
363 2327 381 2352 e
407 2315 526 2360 patria
551 2314 680 2349 Delum
706 2313 930 2348 translatum.

244 2375 292 2419 ⁶²)
316 2375 508 2410 Timocrat.
525 2373 622 2408 arch.
640 2373 813 2407 inventar.
832 2371 853 2405 l.
874 2372 1065 2407 107—1lo:
1092 2370 1185 2404 Bull.
1205 2369 1236 2403 d.
1253 2369 1350 2404 Corr.
1367 2367 1460 2402 Hell.
1475 2366 1519 2409 X,
1537 2377 1570 2410 p.
1585 2368 1663 2401 465.

229 2822 263 2849 B.
281 2820 322 2848 st.
361 2819 412 2847 ix.
450 2819 475 2844 1.
1351 2810 1372 2843 4
