2012 3326
941 297 1194 337 -4-

317 419 366 457 ab
401 420 675 467 interpretibus
711 419 831 469 Δῆλος
872 420 910 456 in
951 417 1071 469 Τῆλος
1105 423 1252 456 mutata
1293 417 1409 464 est;²)
1448 415 1673 464 Ζάκυνθῡς,
1715 416 1821 466 quod

317 494 453 520 nomen
481 483 554 520 iam
584 493 607 520 a
635 481 830 529 Stephano
851 482 1036 529 Byzantio
1067 485 1220 519 nostrae
1248 481 1398 518 insulae
1418 480 1681 519 abiudicatum
1700 479 1820 527 est;³)

319 542 466 594 Ἀνάφη,
512 545 614 592 quod
651 545 733 583 sola
771 544 943 581 Philonis
981 545 1211 581 auctoritate
1259 543 1397 580 nititur
1439 546 1479 581 et
1517 546 1622 581 certe
1667 542 1716 581 ab
1753 543 1820 581 illo

319 607 505 654 scriptore
544 619 567 644 a
603 611 693 645 nota
721 605 928 654 Cycladum
963 606 1089 643 insula
1122 606 1200 643 alia
1228 605 1278 643 ad
1306 610 1477 644 nostram
1504 605 1734 644 translatum
1763 609 1823 644 est

319 668 437 707 salsae
467 670 718 717 etymologiae
748 670 873 717 gratia
902 669 966 714 (ab
995 667 1294 718 ἀναφαίνειν);4)
1323 669 1493 712 Astarte,
1523 667 1627 717 quod
1655 679 1703 706 ex
1721 669 1821 707 alius

318 731 402 768 Deli
438 733 689 779 cognominis,
727 731 773 769 de
811 743 886 779 quo
922 730 1022 769 infra
1058 731 1175 769 verba
1210 730 1414 777 faciemus,
1450 731 1629 770 Asteriae
1659 742 1816 779 corrup-

317 794 419 830 tione.
455 798 579 831 ortum
616 806 699 831 esse
736 795 810 832 iam
839 794 1031 841 Lebegius
1068 793 1181 840 vidit3
1219 791 1430 840 Κύναιθος,
1465 793 1568 841 quod
1602 795 1706 842 apud
1743 795 1822 832 Pli-

318 857 418 893 nium
457 856 704 904 Solinumque
747 857 950 903 traditum,
993 856 1133 904 Cynthi
1177 857 1340 894 nominis
1382 856 1601 904 explicandi
1641 867 1759 896 causa
1799 867 1824 895 a

317 921 565 966 grammatico
603 920 768 968 quodam
803 920 955 957 homine
991 919 1081 956 mihi
1116 919 1214 957 male
1257 917 1461 957 confictum
1502 930 1587 957 esse
1621 919 1820 966 videtur.⁵)

318 982 375 1019 De
405 982 546 1029 Lagiae
576 984 811 1029 cognomine,
841 983 889 1020 ab
918 982 1052 1020 iisdem
1082 982 1337 1030 scriptoribus
1363 981 1462 1020 Delo
1490 981 1661 1029 indito‚⁶)
1691 983 1820 1020 nescio

317 1045 408 1092 quid
445 1046 587 1091 dicam,
624 1047 697 1082 nisi
734 1050 838 1083 certe
874 1056 950 1083 non
985 1057 1070 1082 esse
1100 1048 1158 1088 (ut
1185 1044 1345 1092 Lebegii
1374 1048 1433 1082 est
1461 1044 1669 1087 sententia)
1699 1056 1720 1082 e
1748 1044 1822 1082 Pe-

318 1108 462 1155 lasgiae
493 1108 682 1151 nomine⁷›
713 1113 954 1156 corruptum,
991 1107 1093 1156 quod
1122 1111 1160 1145 et
1187 1108 1329 1155 ipsum,
1360 1118 1477 1155 quum
1504 1107 1581 1144 iam
1609 1106 1822 1155 geographi

316 1172 477 1218 antiqui,
507 1171 688 1218 adquam
718 1170 907 1208 referrent
928 1170 1135 1218 Cycladum
1156 1171 1332 1218 insulam,
1362 1169 1637 1217 dubitaverint,
1664 1181 1821 1209 causam

320 1244 394 1270 non
415 1233 535 1279 video,
566 1244 633 1270 cur
653 1245 721 1270 nos
743 1233 839 1270 Delo
859 1235 1000 1281 potius,
1021 1245 1135 1281 quam
1155 1233 1221 1270 alii
1241 1233 1361 1270 cuivis
1380 1232 1607 1272 tribuamus.
1646 1230 1823 1276 Σκυθίας

318 1300 444 1333 autem
489 1301 526 1333 et
561 1294 760 1345 Χλαμόὸια
772 1296 803 1336 8)
850 1298 979 1335 nescio
1013 1309 1061 1335 an
1099 1308 1174 1335 non
1209 1295 1482 1334 versificatoris
1524 1296 1725 1335 cuiusdam
1765 1296 1822 1334 lu-

318 1358 509 1396 dibundae
552 1359 765 1396 debeantur
806 1359 974 1397 libidini:
1024 1360 1223 1407 popularis
1266 1362 1370 1397 certe
1413 1370 1490 1397 non
1533 1362 1623 1398 sunt
1663 1359 1820 1407 ingenii,

316 1432 440 1469 neque
483 1422 530 1459 ad
574 1434 700 1460 veram
745 1423 893 1460 insulae
937 1421 1095 1460 formam
1137 1422 1339 1471 quadrent.
1413 1421 1585 1460 Eandem
1633 1422 1819 1470 originem

316 1484 431 1521 credo
467 1497 550 1522 esse
587 1483 786 1529 Πομπύλον
816 1486 875 1523 vel
913 1484 1100 1535 ΙΙυρπίλης
1133 1483 1428 1533 cognominis‚⁹)
1471 1495 1546 1532 quo
1579 1482 1671 1522 fisus
1699 1483 1820 1522 Lebe-

316 1549 399 1593 gius
428 1550 535 1595 orgia
565 1549 752 1596 quaedam
776 1549 928 1595 Bacchi,
958 1553 1090 1596 utpote
1119 1549 1223 1596 apud
1252 1549 1419 1596 tragicos
1445 1547 1638 1598 πυρπόλου
1664 1547 1821 1586 audien-

315 1611 381 1655 tis,
419 1611 603 1659 indagare
646 1612 718 1649 sibi
753 1613 857 1649 visus
893 1615 968 1649 est:
1011 1612 1084 1648 nisi
1119 1612 1239 1649 mavis
1283 1612 1323 1648 in
1363 1611 1436 1649 hoc
1476 1611 1625 1649 insulae
1667 1611 1819 1649 nomine

316 1674 506 1711 notionem
541 1675 732 1722 quandam
767 1675 1004 1720 volcanicae‚
1042 1685 1140 1722 quae
1175 1673 1335 1720 dicitur,
1370 1674 1452 1711 eius
1485 1673 1644 1721 originis
1677 1673 1816 1711 inesse.

317 1736 371 1772 De
401 1735 537 1783 Cynthi
568 1737 774 1783 nominem)
805 1737 958 1783 dubito,
994 1740 1122 1774 utrum
1151 1747 1174 1774 a
1201 1740 1318 1784 poeta
1345 1736 1495 1784 aliquo,
1524 1735 1726 1774 notissima
1753 1735 1821 1774 illa

315 1801 501 1837 orationis
523 1800 654 1847 figura,
684 1812 781 1848 quae
810 1801 1039 1847 metonymia
1059 1799 1213 1844 dicitur,
1242 1798 1428 1846 adhibita,
1457 1810 1481 1837 a
1498 1802 1626 1837 monte
1645 1797 1820 1836 Latoidis

317 1874 426 1901 sacro
463 1863 510 1901 ad
546 1865 709 1902 insulam
746 1868 865 1901 totam
901 1864 1131 1901 translatum
1167 1863 1234 1909 sit,
1270 1873 1320 1900 an
1348 1872 1484 1900 revera
1511 1872 1626 1909 quum
1654 1862 1820 1910 primum

315 1926 363 1963 ad
401 1927 670 1973 appellandam
708 1938 854 1964 omnem
892 1927 1055 1964 insulam
1091 1926 1337 1972 inservisset,
1372 1928 1510 1972 postea
1544 1923 1632 1962 Deli
1667 1924 1819 1962 nomine

315 1990 502 2035 vincente,
532 1990 569 2026 in
599 1990 680 2027 solo
710 1994 835 2027 monte
865 1990 1084 2035 haesiverit,
1114 1993 1157 2026 ut
1176 1989 1257 2026 vult
1275 1987 1485 2026 scholiasta
1498 1986 1697 2035 Apollonii
1715 1986 1819 2025 Rho-

315 2051 430 2095 dii.¹¹)
487 2052 690 2099 Reliquum
720 2057 790 2099 est,
821 2057 862 2090 ut
891 2052 936 2089 de
968 2053 1144 2090 Asteriae
1166 2051 1427 2099 Ortygiaeque
1455 2049 1672 2088 nominibus
1701 2048 1820 2088 verba

315 2114 471 2161 faciam,
507 2126 666 2162 quorum
703 2116 867 2162 primuni
898 2115 1078 2162 Pindari,
1114 2115 1279 2154 alterum
1308 2113 1466 2151 Homeri
1499 2113 1730 2152 auctoritate
1763 2113 1820 2150 ni-

315 2178 408 2214 titur
450 2200 481 2203 -›
527 2178 585 2215 vol
619 2178 747 2225 potius
786 2179 854 2215 niti
892 2178 1053 2217 videtur.
1108 2178 1206 2216 Nam
1234 2176 1425 2215 Pindarus
1459 2178 1609 2214 tantum
1643 2174 1737 2214 dicit
1771 2196 1819 2202 —

315 2239 433 2278 verba
468 2241 548 2277 eius
583 2244 625 2277 ut
659 2241 811 2278 titulum
849 2242 1033 2289 opusculo
1069 2252 1152 2279 meo
1186 2239 1368 2289 praemisi
1419 2259 1456 2265 -
1498 2248 1522 2276 a
1557 2236 1641 2276 deis
1680 2236 1818 2276 Delum

408 2404 434 2449 2)
463 2404 615 2447 llcsycli.
643 2415 669 2438 s.
689 2415 718 2438 v.
740 2403 952 2447 ’Amanum
1047 2405 1074 2449 3)
1102 2403 1224 2448 Steph.
1243 2403 1328 2448 Byz.
1347 2412 1373 2438 s.
1391 2413 1421 2436 v.
1442 2400 1567 2446 Δῆλος.
1659 2401 1688 2446 ⁴)
1712 2400 1817 2435 Philo

317 2461 400 2503 περὶ
427 2463 564 2503 ἀφθνιρ.
594 2461 696 2501 virtu.
724 2472 755 2505 p.
775 2464 852 2496 960.
953 2463 982 2504 ⁵)
1009 2462 1100 2496 Plin.
1120 2461 1211 2496 IIiSt.
1231 2460 1314 2495 Nat.
1331 2460 1393 2504 IV,
1411 2461 1466 2504 22,
1483 2461 1522 2503 23
1548 2457 1658 2493 Solin.
1675 2458 1738 2504 XI,
1767 2461 1817 2494 19.

315 2518 345 2557 ⁶>
371 2518 459 2552 run.
487 2518 568 2553 Nat.
596 2519 687 2552 nist.
715 2520 774 2562 iv,
801 2523 860 2563 223
887 2519 995 2553 sonu.
1023 2520 1083 2564 xl,
1109 2522 1163 2554 30.
1312 2518 1340 2562 τ)
1366 2516 1489 2561 Steph.
1515 2515 1601 2560 Byz.
1627 2526 1654 2552 s.
1679 2527 1729 2560 v.;
1754 2515 1817 2551 cfr.

316 2575 481 2609 Eustatli.
509 2578 743 2610 (onum-utar.
771 2576 814 2609 ad
842 2576 986 2620 Dionys.
1014 2577 1190 2620 Pericget.
1218 2588 1246 2610 v.
1265 2579 1343 2612 520.
1459 2574 1488 2620 ⁸)
1513 2572 1605 2608 Plin-
1622 2572 1716 2608 Hist.
1733 2571 1817 2607 Nat-

317 2633 376 2675 IV,
403 2636 462 2675 223
490 2633 610 2677 steph.
640 2633 721 2677 Byz.
749 2645 775 2667 s.
802 2644 831 2667 v.
857 2634 980 2677 Δῆλος.
1137 2634 1166 2678 9)
1192 2633 1282 2668 Plin.
1308 2632 1391 2667 Nat.
1417 2631 1510 2666 Hist.
1534 2629 1596 2674 IV,
1620 2631 1682 2673 223
1707 2628 1816 2664 Solin.

317 2690 378 2732 XI,
403 2693 456 2724 30.
583 2691 624 2735 10)
650 2690 740 2724 Plin.
767 2690 849 2724 Nat.
869 2690 960 2725 Ilist.
987 2690 1088 2734 ibid.;
1115 2690 1224 2725 Solin.
1250 2690 1312 2735 Xl,
1337 2692 1398 2734 303
1424 2690 1522 2724 Serv.
1540 2686 1709 2731 adVorg.
1726 2686 1817 2722 Aen.

316 2747 379 2792 111,
409 2750 448 2781 12
473 2752 508 2781 et
532 2749 584 2782 72.
726 2748 767 2792 ¹¹)
795 2747 910 2782 schol.
937 2747 1101 2792 Apollon.
1128 2747 1242 2782 Rhod.
1269 2747 1296 2792 1,
1322 2748 1399 2783 307.
