1979 3326
717 310 1002 350 -57-

109 437 185 477 sibi
212 441 339 477 autem
367 447 606 483 reservasse,
643 446 742 484 quae
779 447 826 473 ex
859 434 988 473 usuris
1026 432 1199 471 redirent
1236 436 1273 469 et
1309 443 1356 469 ex
1391 432 1438 468 iis
1473 428 1616 476 fundis,

109 513 206 550 quos
235 504 324 549 post
351 500 494 548 prioris
522 499 726 537 locationis
755 503 907 546 tempus
937 499 1114 535 exactum
1142 495 1217 542 ipsi
1245 495 1451 532 locassent.

213 563 426 611 Collegium
461 563 578 610 igitur
612 562 708 600 illud
745 565 929 610 quattuor
964 559 1275 607 amphictyonum
1310 557 1617 602 Atheniensium,

108 628 272 676 pristino
302 627 457 675 quidem
485 637 589 664 more
619 629 813 672 creatum,
849 637 925 663 non
955 624 1002 663 ob
1032 624 1146 662 aliam
1176 633 1331 660 causam
1365 625 1443 659 tam
1479 619 1544 657 diu
1579 620 1618 656 in

109 702 267 729 munere
295 691 529 729 remansisse
559 689 730 736 videtur,
768 689 842 727 11151
876 693 919 726 111
953 688 1090 725 melius
1125 697 1188 723 res
1225 695 1355 723 omnes
1393 682 1441 721 ad
1470 687 1616 720 certam

112 765 326 802 novamque
355 764 526 791 normam
554 752 730 800 redigere
758 755 909 800 posset,
947 761 1024 799 qua
1051 750 1090 787 in
1119 751 1317 797 posterum
1346 758 1368 784 a
1395 747 1504 784 novis
1541 757 1619 783 ma-

112 816 338 865 gistratibus
374 815 566 854 adiunctis
601 816 716 853 etiam
752 815 943 852 sociorum
978 813 1114 859 legatis
1151 810 1515 849 administrarentur
1555 819 1621 856 pe-

114 881 252 919 cuniae
280 889 434 918 sacrae:
470 880 552 916 erat
581 878 680 915 enim
708 881 879 925 tempus,
918 887 993 924 quo
1023 875 1302 920 Athenienses,
1337 877 1380 910 ut
1415 872 1620 919 pristinum

112 945 391 991 recuperarent
415 941 618 989 imperium
638 941 884 985 maritimum,
912 939 1037 977 socios
1059 938 1215 976 allicere
1236 935 1480 974 conabantur
1499 936 1617 973 maxi-

113 1007 185 1044 mis
213 1004 422 1045 commodis
450 1004 643 1042 concessis
678 1003 929 1050 vitabantque
966 1002 1111 1047 omnia,
1148 1011 1246 1048 quae
1282 999 1434 1037 illorum
1472 999 1619 1036 animos

115 1068 307 1108 offendere
342 1070 511 1115 possent.
579 1066 654 1104 Hic
689 1070 852 1114 quaerat
887 1065 1097 1114 quispiam,
1135 1075 1204 1101 eur
1239 1062 1528 1110 amphictyones
1566 1061 1621 1098 illi

115 1132 245 1179 quarti
273 1130 375 1177 anni,
405 1141 501 1177 quos
529 1130 674 1177 primos
702 1127 821 1166 fuisse
851 1127 1068 1166 ordinarios
1099 1130 1238 1172 statuo,
1270 1125 1536 1172 magistratum
1564 1125 1621 1161 in-

114 1195 232 1232 ierint
259 1192 557 1241 Scirophorione
584 1192 716 1240 potius
744 1202 874 1229 mense
905 1201 1018 1238 quam
1047 1190 1158 1227 initio
1195 1189 1286 1227 anni
1321 1185 1518 1234 civilis324)
1555 1187 1623 1225 sed

114 1257 189 1295 iam
225 1267 344 1304 supra
377 1255 474 1302 dixi,
511 1266 598 1293 cum
632 1254 678 1292 de
713 1258 886 1302 tempore
922 1253 1113 1301 Apollinis
1148 1251 1335 1290 festorum
1370 1250 1619 1298 disputarem,

113 1320 258 1359 1111113111
286 1319 401 1357 3113111
430 1318 478 1357 01)
507 1329 662 1357 causam
690 1317 786 1356 illud
815 1329 900 1356 esse
929 1316 1072 1356 factum
1106 1317 1180 1354 nisi
1216 1315 1264 1354 ob
1293 1315 1493 1354 Deliorum
1528 1318 1621 1352 tem-

115 1395 208 1432 pus,
251 1381 390 1430 quibus
426 1382 597 1430 peractis
631 1392 770 1419 munus
804 1381 901 1419 inire
941 1380 1117 1419 solebant
1160 1380 1408 1427 magistratus
1451 1379 1538 1417 novi
1582 1382 1623 1415 111

115 1446 278 1485 Athenis
307 1449 534 1493 quaestores
561 1444 762 1482 Minervae
789 1448 878 1492 post
905 1443 1183 1482 Panathenaea
1213 1441 1420 1480 celebrata.

221 1509 337 1548 Delia
369 1509 432 1548 hic
466 1509 637 1557 intellegi
665 1509 752 1547 volo
789 1507 1103 1556 quinquennalia,
1136 1518 1214 1544 non
1244 1505 1449 1553 Apollinea
1483 1516 1623 1551 annua,

115 1572 229 1620 vulgo
265 1571 398 1611 eodem
435 1573 588 1610 nomine
624 1572 836 1620 appellata:
874 1574 1031 1609 auctore
1068 1570 1166 1608 enim
1203 1567 1457 1615 Boeckhio25)
1496 1572 1624 1606 statuo

115 1635 222 1682 illas,
257 1646 357 1684 quae
391 1636 432 1672 in
465 1634 672 1673 Marmoris
706 1633 920 1682 fragmento
957 1634 1157 1681 superiore
1194 1633 1392 1680 leguntur,
1429 1632 1623 1679 impensas

117 1697 167 1736 ad
201 1697 313 1736 ludos
347 1696 622 1748 πεντετηρίδος
656 1697 909 1736 celebrandos
946 1709 1029 1735 esse
1067 1696 1199 1734 factas.
1269 1695 1357 1734 Scio
1393 1707 1485 1733 sane
1522 1695 1625 1731 illius

121 1762 352 1800 sententiam
380 1762 626 1809 impugnasse
646 1761 883 1799 Koehlerum
910 1762 949 1798 in
978 1760 1252 1798 commentario
1273 1759 1385 1796 titulo
1407 1762 1539 1796 nostro
1560 1758 1627 1795 ad-

121 1825 237 1871 iecto,
266 1835 350 1863 cum
379 1824 632 1863 contenderet
654 1826 755 1862 inter
783 1825 977 1872 impensas
998 1824 1088 1861 anni
1118 1823 1258 1870 quarti,
1290 1833 1385 1869 quas
1415 1833 1434 1859 e
1463 1821 1627 1859 frustulo

120 1888 290 1926 secundo
318 1889 465 1936 primus
495 1887 633 1934 edidit,
671 1898 755 1925 esse
784 1890 1081 1925 commemorata
1114 1886 1288 1933 praemia
1323 1886 1377 1922 eis
1412 1885 1627 1932 proposita,

121 1951 187 1999 qui
223 1952 408 1990 vicissent
439 1953 480 1989 in
516 1952 726 1989 cert-amine
761 1951 906 1988 musico
943 1955 981 1988 et
1017 1950 1210 1998 gymnico,
1249 1948 1321 1986 hoc
1358 1952 1486 1986 autem
1522 1946 1627 1984 aliud

120 2025 208 2052 esse
235 2025 311 2052 non
339 2025 454 2062 posse
482 2014 557 2052 nisi
585 2013 681 2051 illud
710 2014 844 2061 quinto
873 2024 1026 2060 quoque
1056 2023 1156 2049 anno
1185 2011 1433 2049 celebratum.
1482 2009 1558 2048 Sed
1588 2014 1627 2048 ut

121 2081 258 2116 contra
284 2077 357 2115 viri
386 2076 599 2115 doctissimi
627 2077 858 2114 sententiam
886 2075 1014 2113 dicere
1044 2074 1227 2120 audeam,
1264 2073 1438 2112 adducor
1466 2073 1627 2121 diligen-

120 2140 266 2178 tissime
295 2140 514 2180 examinata
542 2140 709 2186 ratione,
749 2151 826 2187 qua
855 2142 1030 2186 sumptus
1058 2138 1266 2186 perscripti
1296 2141 1384 2175 sunt
1413 2138 1453 2174 in
1481 2137 1624 2174 tabula.

119 2203 219 2242 Nam
246 2213 331 2240 011111
365 2203 522 2240 minima
557 2212 733 2250 quaeque
769 2213 839 2249 per
874 2213 914 2239 se
950 2202 1035 2248 ipsa
1070 2204 1365 2244 recenseantur,
1404 2199 1549 2236 nullum
1588 2198 1629 2236 fit

120 2265 330 2304 discrimen
358 2265 459 2303 inter
487 2265 725 2313 singulorum
755 2265 868 2312 primi
898 2264 1055 2301 triennii
1083 2274 1271 2301 annorum
1297 2264 1492 2310 impensas
1513 2267 1630 2310 atque

122 2327 339 2367 huiusmodi
368 2331 458 2366 sunt
486 2328 631 2374 omnia,
666 2332 709 2366 ut
738 2328 811 2365 nisi
839 2338 917 2365 una
945 2327 1130 2375 pensione
1159 2338 1281 2374 pensa
1311 2338 1394 2365 esse
1432 2338 1508 2364 non
1543 2338 1630 2374 pos-

122 2389 269 2436 sint-²⁶)
332 2391 395 2429 An
429 2392 633 2439 quisquam
667 2389 791 2428 credit
818 2389 1090 2428 Antimachum
1120 2390 1294 2428 Philonis
1329 2389 1352 2426 f.
1384 2389 1631 2432 Hermaeum,

122 2454 189 2502 qui
216 2453 373 2492 theores
401 2453 618 2502 chorosque
648 2464 780 2492 sacros
809 2454 1070 2491 transvexisse
1100 2457 1138 2491 et
1165 2465 1236 2501 pro
1270 2452 1343 2491 hoc
1379 2451 1506 2490 officio
1546 2464 1633 2499 sep-

127 2519 205 2555 tem
231 2516 339 2555 milia
366 2516 634 2555 drachmarum
663 2516 860 2564 accepisse
889 2516 1046 2563 legitur,
1079 2527 1150 2563 per
1176 2519 1255 2553 tres
1282 2526 1402 2553 annos
1429 2516 1632 2553 continuos

123 2579 354 2618 trierarchia
380 2578 552 2618 functum
580 2583 696 2628 atque
726 2579 888 2618 eundem
917 2591 1070 2628 semper
1097 2579 1260 2618 electum
1281 2590 1379 2625 esse,
1409 2579 1475 2626 qui
1499 2589 1632 2616 sacras

215 2721 260 2767 2⁴)
286 2722 324 2757 C.
338 2721 365 2755 1.
378 2721 421 2755 A.
446 2720 493 2766 H,
517 2722 620 2756 8141»
648 2720 708 2755 lin.
738 2723 778 2756 16
791 2731 842 2765 sq.
983 2720 1030 2764 ²⁵)
1057 2720 1307 2756 Staatshaush.
1335 2720 1366 2755 d.
1397 2720 1527 2755 Athen.
1555 2719 1588 2754 II
1607 2720 1633 2763 ³,

126 2789 160 2825 p.
184 2780 239 2816 73.
339 2777 385 2823 2⁶)
411 2777 460 2813 M.
488 2777 522 2813 S.
548 2789 582 2823 p.
608 2777 714 2813 antio.
742 2777 802 2812 lin.
828 2780 873 2814 32
887 2787 962 2822 sqq.
1273 2803 1278 2806 .
