1979 3326
694 311 981 352 -15-

86 437 265 476 mationis
300 435 548 475 obtinerent?
603 435 790 474 Fortasse
827 435 916 472 huic
949 434 1113 482 tempori
1143 436 1201 471 est
1232 431 1440 471 tribuenda
1473 432 1589 470 etiam

86 500 196 538 navis
224 499 292 537 illa
317 510 429 537 sacra
448 498 628 545 (Delias),
658 510 757 547 quae
785 498 898 545 vulgo
919 497 1071 534 Theseo
1101 495 1398 534 adscribebatur
1419 506 1594 543 quaeque

87 562 239 610 singula
266 561 517 600 resarciendo
547 561 722 600 omnibus
742 561 919 609 partibus
949 548 1105 597 mutatis
1135 563 1265 596 tamen
1296 570 1448 606 semper
1468 569 1596 595 mane-

86 626 154 664 bat
181 625 327 672 eadem,
354 629 455 663 teste
475 623 756 671 Plutarch0,3⁹)
784 636 908 671 usque
929 623 978 661 ad
997 623 1187 661 Demetrii
1206 621 1387 659 Phalerei
1407 625 1594 669 tempora.

191 689 413 736 Interrupta
441 691 517 733 est,
553 688 687 734 credo,
721 687 817 725 haec
845 687 1085 724 Athenarum
1114 685 1501 733 amphictyoniaeque
1531 684 1595 722 de—

86 751 210 789 liacae
252 751 470 789 coniunctio
512 749 716 788 discordiis
753 750 948 796 civilibus,
991 749 1130 797 quibus
1169 748 1275 786 brevi
1311 752 1399 795 post
1432 748 1537 795 leges
1575 758 1597 784 a

88 813 227 852 Solone
256 814 486 852 constitutas
523 814 617 851 ortis
652 825 723 861 per
757 813 1017 861 quadraginta
1050 824 1171 850 annos
1206 811 1429 858 respublica
1458 815 1597 848 vexata

88 881 127 915 et
154 878 351 925 exagitata
378 881 447 915 est.
509 877 737 914 Pisistratus
765 875 922 914 tandem
950 879 1039 923 post
1069 875 1143 912 duo
1173 875 1289 913 exilia
1327 886 1454 911 rerum
1491 874 1596 911 nullo

85 941 162 979 iam
207 941 413 978 resistente
460 941 625 987 potitus,
681 939 782 987 quod
835 950 936 977 anno
990 943 1062 976 543
1118 937 1260 976 factum
1317 937 1597 975 demonstravit

87 1003 344 1052 Toepffer,4⁰)
398 1013 572 1050 magnam
627 1001 733 1040 dedit
785 1012 943 1049 operam
996 1000 1118 1039 famae
1171 1001 1428 1049 reipublicae,
1475 1001 1596 1037 immi-

90 1071 207 1105 nutae
249 1078 295 1106 ac
334 1077 460 1114 paene
502 1066 728 1112 exstinctae,
770 1064 873 1112 apud
916 1068 1069 1102 exteros
1110 1065 1275 1111 populos
1318 1064 1516 1112 augendae
1560 1068 1598 1101 et

89 1129 400 1178 amplificandae:
444 1130 583 1167 scimus
618 1129 667 1167 ab
704 1140 748 1166 eo
782 1128 997 1176 Lygdamin
1030 1128 1068 1165 vi
1104 1139 1295 1165 armorum
1331 1128 1433 1164 Naxi
1468 1132 1598 1175 tyran-

89 1205 180 1231 num
223 1194 491 1239 constitutum,
541 1203 626 1230 cum
667 1192 873 1240 Polycrate
917 1191 1045 1229 Samio
1089 1194 1127 1228 et
1174 1193 1339 1237 Amynta
1385 1190 1598 1229 Macedone

88 1255 228 1294 foedus
257 1256 540 1302 amicitiamque
568 1255 710 1298 iuncta,
747 1253 901 1302 Sigeum
931 1255 970 1291 in
996 1254 1092 1291 Asia
1120 1253 1333 1300 subactum,
1368 1254 1453 1292 loca
1483 1265 1598 1301 quae-

91 1318 179 1357 dam
211 1319 251 1356 in
279 1318 447 1356 Thracia
474 1318 727 1366 occupataffl)
796 1317 867 1356 Cui
902 1317 1138 1365 reipublicae
1175 1317 1504 1356 administrandae
1533 1328 1598 1355 ra-

88 1382 185 1420 tioni
213 1392 325 1430 quam
356 1381 520 1419 maxime
548 1385 846 1420 consentaneum
878 1384 949 1425 est,
979 1380 1082 1429 quod
1110 1381 1158 1419 ab
1184 1380 1383 1419 Herodoto
1404 1379 1598 1428 Thucydi-

89 1445 214 1493 deque
254 1444 423 1483 traditur
455 1444 702 1482 Pisistratum
746 1456 793 1482 ex
837 1444 982 1482 oraculi
1023 1455 1211 1492 responso
1248 1443 1384 1482 Delum
1428 1444 1593 1481 insulam

90 1507 298 1554 lustrasse,
335 1510 519 1555 quantum
556 1506 710 1554 quidem
746 1518 770 1545 a
796 1507 939 1554 templo
969 1508 1140 1554 conspici
1174 1511 1325 1555 posset,
1361 1511 1599 1544 mortuorum

92 1570 258 1608 omnium
287 1570 439 1608 ossibus
470 1570 618 1608 effossis
647 1573 762 1618 atque
791 1571 831 1608 in
860 1571 974 1608 aliam
994 1571 1143 1608 insulae
1163 1574 1313 1618 partem
1333 1568 1597 1612 translatis.42)

91 1633 213 1680 Quam
250 1633 404 1682 quidem
439 1634 706 1671 lustrationem
742 1634 781 1671 in
819 1645 858 1671 se
894 1634 1065 1681 suscepit
1093 1638 1197 1671 certe
1225 1645 1302 1671 11011
1330 1634 1487 1681 pietatis
1515 1636 1599 1670 tan-

89 1699 170 1734 tum
199 1707 292 1734 suae
319 1697 359 1733 in
388 1695 500 1734 deum
529 1696 851 1734 demonstrandae
880 1707 1010 1743 causa,
1040 1696 1108 1734 sed
1138 1698 1252 1735 etiam
1282 1708 1327 1735 eo
1356 1697 1528 1742 consilio,
1558 1700 1600 1733 ut

90 1761 244 1807 patriae
279 1771 372 1798 suae
408 1764 446 1797 et
479 1760 718 1809 προστασίαν
753 1761 820 1797 τοῦ
857 1760 983 1810 ἱεροῦ,
1017 1764 1061 1798 ut
1089 1760 1230 1798 Graeci
1259 1759 1526 1807 appellabant,
1563 1763 1601 1796 et.

93 1823 207 1861 simul
236 1823 402 1862 omnium
431 1824 563 1861 Ionum
591 1825 850 1871 principatum
880 1824 1093 1861 vindicaret
1114 1824 1264 1861 actione
1286 1823 1356 1860 hac
1376 1822 1598 1870 symbolica.

91 1885 144 1923 Et
177 1886 360 1924 sollemne
394 1886 443 1924 ab
481 1898 525 1924 eo
560 1886 790 1925 sacrificium
826 1887 899 1925 hac
937 1888 1138 1925 occasione
1176 1886 1257 1923 deis
1299 1886 1447 1923 insulae
1488 1896 1600 1932 prae-

91 1948 239 1987 sidibus
268 1948 437 1988 oblatum
466 1949 654 1998 ludosque
683 1950 913 1997 celebratos,
949 1961 1044 1998 quas
1073 1961 1135 1987 res
1164 1960 1315 1996 semper
1344 1950 1485 1986 scimus
1516 1959 1600 1985 eum

90 2012 193 2048 omni
219 2011 447 2050 lustratione
477 2014 690 2050 arctissime
720 2014 957 2059 coniunctas,
987 2016 1025 2050 et
1052 2012 1241 2050 theoriam
1271 2023 1293 2049 a
1323 2011 1463 2049 Solone
1492 2012 1601 2048 insti-

90 2076 213 2112 tutam
251 2074 439 2112 deliacam
473 2079 695 2114 renovatam
729 2074 842 2114 facile
879 2075 1034 2120 credas,
1073 2076 1145 2113 etsi
1182 2086 1205 2113 a
1239 2074 1494 2122 scriptoribus
1524 2085 1599 2111 non

93 2137 146 2174 sit
178 2136 384 2184 traditum,
420 2139 649 2186 praesertim
686 2150 803 2186 quum
840 2142 877 2177 et
912 2139 1156 2186 Polycratem
1192 2139 1274 2176 eius
1309 2138 1500 2176 aemulum
1528 2137 1601 2175 hoc

92 2196 231 2237 fecisse
267 2202 399 2238 notum
434 2201 485 2238 sit
511 2204 548 2238 et
578 2200 806 2239 Pisistratus
834 2203 918 2250 ipse
947 2201 1111 2240 Athenis
1140 2201 1416 2239 Panathenaea
1445 2206 1482 2239 et
1511 2200 1601 2238 Dio-

90 2261 202 2309 nysia
230 2260 277 2298 τὰ
305 2259 346 2299 ἐν
374 2261 485 2300 ἄστει
512 2264 726 2303 instituisse
756 2265 918 2303 dicatur.

193 2323 256 2362 Ad
283 2324 356 2363 hoc
382 2328 553 2374 tempus,
587 2330 630 2364 ut
658 2338 777 2375 supra
806 2327 903 2374 dixi,
940 2327 1065 2365 refero
1095 2331 1131 2365 et
1160 2329 1285 2375 poetis
1315 2328 1480 2375 aliisque
1509 2327 1600 2363 viris

91 2386 246 2434 ingenio
282 2388 578 2436 excellentibus,
614 2391 680 2437 qui
715 2391 869 2437 tyranni
905 2390 1029 2428 aulam
1065 2389 1384 2438 frequentabant,
1421 2389 1601 2426 adscribo

90 2448 244 2488 fabulas
270 2451 357 2489 illas
386 2462 484 2498 quae
519 2456 608 2490 sunt
643 2453 690 2491 de
720 2453 870 2491 Theseo
907 2453 1229 2501 amphictyoniam
1260 2452 1456 2490 Deliacam
1494 2453 1601 2489 iusti·

92 2515 224 2551 tuente
259 2517 298 2552 ct
331 2524 530 2562 coronam,
566 2517 704 2564 pignus
740 2517 892 2563 imperii
926 2517 1126 2563 maritimi,
1163 2516 1211 2554 ab
1242 2515 1473 2563 Amphitrite
1503 2516 1600 2553 acci-

227 2654 273 2699 ⁸⁹)
296 2653 390 2688 Plut.
416 2654 474 2689 An
500 2655 577 2689 seni
594 2655 749 2700 respubl.
777 2666 849 2699 ger.
868 2656 925 2699 sit,
950 2665 1028 2701 cap.
1046 2659 1077 2691 6.
1183 2657 1230 2698 4⁰)
1257 2656 1435 2700 Toepffer,
1455 2656 1600 2699 Quaest.

93 2710 272 2746 Pisistrat.
297 2709 407 2755 Dorp.
432 2710 557 2746 Livon.
589 2714 684 2756 1886,
710 2723 743 2756 p.
767 2716 838 2747 141.
1059 2715 1106 2755 ⁴¹)
1132 2713 1301 2748 IIerodot.
1330 2714 1355 2755 I,
1382 2716 1443 2754 612
1469 2716 1531 2757 64:
1559 2714 1601 2758 V,

93 2770 156 2813 653
183 2771 238 2804 94.
375 2767 422 2811 42)
449 2767 667 2814 Herodot.1‚
692 2771 745 2804 64.
791 2768 990 2813 Thucydid.
1016 2769 1080 2813 111,
1111 2772 1182 2805 104.
