1957 3293
858 277 1168 318 —126—

264 410 375 437 mone
417 398 666 438 confirmatur
706 411 782 438 non
825 401 1016 448 epistaten
1060 412 1126 439 eos
1159 401 1300 439 litteris
1335 401 1557 450 mandasse,
1598 402 1667 441 sed
1702 413 1762 442 ar-

263 462 439 500 chontem
473 463 640 500 civitatis
677 463 801 510 ipsum
837 484 886 489 —
919 464 1044 511 prima
1077 465 1176 501 enim
1213 465 1260 502 de
1295 475 1335 502 se
1370 475 1538 513 persona
1570 464 1761 513 loquitur;

263 526 371 572 atqui
391 529 543 563 constat
562 526 601 562 in
629 526 804 563 omnibus
833 526 1065 572 civitatibus,
1094 538 1173 564 rem
1203 527 1267 574 qui
1296 531 1471 575 gesserat
1503 528 1763 575 magistratus,

263 587 424 625 eundem
458 588 630 625 rationes
664 588 835 626 redditas
870 588 908 625 in
943 588 1108 636 lapidem
1145 588 1370 627 incidendas
1410 600 1584 628 curasse:
1631 590 1763 638 itaque

265 650 356 687 mihi
378 654 523 688 certum
545 655 614 697 est,
635 651 738 699 quod
766 652 840 689 iam
869 651 961 698 dixi,
990 651 1212 690 archontem
1241 651 1342 689 ludis
1370 651 1598 700 praefuisse.
1643 652 1763 700 quue

262 725 332 761 per
360 725 402 751 se
429 715 553 761 ipsum
584 718 642 751 est
669 714 888 760 verisimile,
917 725 1001 751 cum
1031 714 1194 752 Athenis
1223 725 1375 762 quoque
1403 715 1595 762 cognitum
1623 713 1764 753 habea-

263 787 346 813 mus
381 787 547 814 summos
582 777 830 823 magistratus
872 776 1046 814 omnibus
1092 775 1292 814 sacrificiis
1333 775 1512 824 ludisque
1554 776 1764 814 maioribus

263 838 491 886 praefuisse.
551 839 717 877 Tollitur
752 839 917 886 denique
952 840 1073 877 omnis
1108 838 1300 877 dubitatio
1335 839 1479 886 titulis,
1520 850 1617 887 quos
1652 838 1764 877 modo

263 902 386 948 attuli,
406 901 632 948 choragicis,
655 913 814 949 quorum
835 903 874 939 in
894 901 1155 949 compluribus
1180 902 1240 940 vel
1269 902 1340 940 sub
1369 903 1512 940 exitum
1540 902 1601 940 vel
1628 901 1764 940 chora-

264 975 397 1012 gorum
426 963 603 1011 catalogo
632 967 670 1001 et
697 965 881 1001 victorum
910 965 1095 1001 insertum
1125 967 1252 1001 exstat
1279 965 1534 1002 inventarium
1562 964 1657 1002 satis
1685 975 1764 1002 am-

261 1027 365 1074 plum
400 1027 660 1073 vasculorum,
699 1038 797 1074 quae
834 1027 874 1064 in
901 1031 1089 1073 prytaneo
1124 1025 1304 1064 videntur
1331 1026 1380 1064 ab
1417 1026 1602 1065 archonte
1630 1037 1760 1065 asser-

261 1091 342 1127 vari
379 1090 493 1128 solita
526 1101 610 1127 esse
648 1101 824 1137 quaeque
858 1090 940 1136 ipse
975 1088 1070 1126 dicit
1097 1100 1138 1126 se
1166 1099 1191 1126 a
1218 1089 1429 1136 superioris
1458 1089 1550 1126 anni
1578 1088 1763 1127 archonte

261 1153 459 1200 accepisse
494 1153 785 1200 successorique
822 1151 1103 1198 tradidisse370)
1138 1151 1234 1190 haec
1267 1155 1395 1190 autem
1423 1162 1492 1189 cur
1518 1151 1581 1190 hic
1608 1153 1764 1200 potissi-

261 1225 360 1251 mum
397 1215 616 1262 perscripta
651 1218 799 1260 essent,
835 1215 908 1251 nisi
943 1214 982 1251 in
1010 1213 1110 1251 ludis
1139 1213 1381 1252 celebrandis
1409 1213 1686 1253 adhiberentur
1713 1213 1764 1252 ad

261 1274 461 1319 ἑστιάσεις
480 1277 614 1325 populi
633 1277 705 1323 vel,
732 1276 835 1324 quod
863 1277 983 1324 magis
1012 1276 1253 1324 crediderim,
1282 1276 1332 1315 ad
1359 1277 1515 1316 theoros
1543 1280 1763 1315 exterarum

260 1341 427 1387 gentium
456 1341 494 1378 in
515 1344 702 1388 prytaneo
731 1340 897 1388 hospitio
926 1339 1175 1388 excipiendos
1195 1351 1216 1378 e
1237 1341 1427 1378 communi
1456 1341 1622 1379 omnium
1642 1339 1763 1378 Grae-

260 1413 391 1440 corum
411 1402 542 1440 more?
580 1403 686 1449 Quae
707 1404 738 1440 si
759 1407 863 1440 recte
884 1402 1082 1450 disputata
1101 1406 1201 1449 sunt,
1229 1403 1315 1450 quis
1334 1402 1492 1441 credere
1515 1406 1644 1450 potest
1663 1413 1763 1440 sum·

261 1475 361 1502 mum
377 1466 542 1503 civitatis
558 1466 823 1513 magistratum
845 1464 980 1502 diebus
996 1464 1104 1502 festis
1121 1466 1245 1512 ipsum
1267 1465 1370 1512 epuli
1386 1475 1517 1503 curam
1533 1465 1762 1512 suscepisse,

261 1527 436 1565 ludorum
473 1528 693 1575 permisisse
730 1526 842 1565 aliis?
898 1526 974 1564 Sed
1008 1539 1055 1564 ne
1083 1526 1281 1565 adiutores
1315 1526 1469 1575 quidem
1498 1527 1696 1566 archontis
1723 1528 1763 1565 in

259 1590 333 1628 hoc
353 1590 478 1629 officio
509 1592 604 1629 satis
633 1592 739 1638 gravi
767 1595 884 1639 atque
912 1590 1056 1628 laboris
1085 1591 1303 1638 negotiique
1331 1590 1445 1638 pleno
1473 1589 1593 1628 fuisse
1621 1590 1762 1638 epista-

259 1657 324 1690 ten
362 1654 422 1691 vel
458 1655 644 1701 epistatas
679 1658 788 1701 patet
822 1666 842 1692 e
877 1653 990 1691 titulo
1019 1653 1221 1691 Sosistrati
1258 1653 1453 1691 archontis
1482 1653 1761 1701 choragico:⁷¹›

259 1719 340 1754 tres
371 1717 469 1753 enim
499 1717 708 1763 epistatae,
738 1717 803 1764 qui
831 1728 988 1754 munere
1017 1715 1137 1753 functi
1165 1720 1277 1754 erant
1304 1716 1548 1754 Telemnesto
1577 1715 1761 1754 archonte

264 1778 430 1823 (duobus
451 1783 539 1817 ante
561 1780 700 1826 annis),
721 1780 891 1827 singulas
912 1779 1092 1817 dicuntur
1110 1778 1261 1827 phialas
1281 1782 1484 1827 argenteas
1503 1779 1576 1817 deo
1595 1779 1760 1826 dicasse,

257 1845 373 1889 atque
402 1841 474 1879 hae
503 1842 678 1880 archonti
698 1843 736 1879 in
757 1846 944 1889 prytaneo
982 1842 1239 1880 asservandae
1265 1840 1483 1888 traduntur,
1511 1840 1580 1879 sed
1607 1852 1684 1880 non
1711 1841 1760 1880 ab

259 1904 367 1950 ipsis,
388 1907 430 1941 ut
450 1905 634 1951 oportuit,
654 1905 685 1941 si
706 1902 833 1941 officio
863 1905 944 1941 eius
973 1907 1170 1942 consortes
1197 1902 1373 1948 fuissent,
1402 1914 1532 1941 verum
1561 1903 1610 1942 ab
1638 1903 1761 1942 hiero·

259 1967 369 2013 poeis
399 1966 610 2013 superioris
639 1967 741 2012 anni,
773 1966 837 2013 qui
866 1977 912 2003 ex
941 1965 1091 2003 illorum
1122 1965 1297 2003 manibus
1325 1965 1530 2012 accipiunt,
1558 1969 1603 2003 ut
1629 1966 1759 2003 statim

261 2028 439 2066 archonti
461 2027 619 2065 tradant
645 2049 695 2055 ——
725 2029 853 2065 statim
873 2027 971 2074 dico,
1000 2028 1179 2075 quoniam
1208 2039 1365 2066 munere
1391 2039 1460 2066 suo
1487 2028 1562 2065 iam
1591 2027 1761 2066 defuncti

264 2092 438 2138 ingerere
460 2090 611 2139 quidem
641 2090 781 2129 donum
811 2090 966 2138 aliquod
996 2091 1033 2127 in
1062 2091 1253 2128 aerarium
1282 2094 1475 2138 poterant,
1504 2091 1672 2129 eximere
1699 2091 1759 2129 vel

261 2154 338 2191 alio
368 2153 579 2191 transferre
608 2165 683 2191 non
712 2157 903 2201 poterant.
958 2152 1118 2191 Constat
1145 2154 1261 2200 igitur
1288 2153 1474 2201 epistatas
1501 2164 1625 2201 neque
1652 2153 1760 2191 ludo·

262 2227 344 2253 rum
367 2226 496 2253 curam
517 2215 694 2263 attigisse
723 2227 848 2263 neque
877 2216 932 2253 eis
960 2226 1045 2253 cum
1074 2226 1206 2254 eorum
1235 2219 1415 2254 curatore
1443 2215 1627 2254 archonte
1655 2216 1762 2264 quic-

259 2290 374 2326 quam
396 2279 661 2315 intercessisse
682 2279 837 2325 negotii,
858 2278 925 2316 sed
946 2290 1097 2326 semper
1115 2289 1201 2316 cum
1221 2277 1597 2316 administratoribus
1617 2279 1757 2317 aerarii

260 2341 359 2379 sacri
397 2352 475 2378 rem
514 2340 644 2379 fuisse.
701 2340 776 2379 Sed
804 2340 898 2378 nihil
927 2340 1052 2379 adhuc
1079 2340 1310 2389 profecimus
1339 2341 1378 2378 in
1405 2341 1490 2390 ipso
1519 2351 1650 2380 eorum
1677 2351 1758 2378 mu·

349 2494 394 2537 ⁷0)
433 2490 525 2526 Τάδε
564 2493 778 2537 παρέλαβον
815 2493 1066 2537 ἀργυρώματα
1110 2493 1210 2537 παρὰ
1249 2492 1415 2527 Λευκίνου
1459 2494 1527 2527 τοῦ
1564 2490 1754 2534 Φωκαέως,

258 2550 403 2595 scripsit
428 2551 561 2585 archon
589 2551 805 2585 Sosistratus
831 2549 1009 2595 Amphiae
1034 2550 1057 2584 f.
1089 2549 1194 2593 (Bull.
1221 2550 1253 2585 d.
1281 2550 1378 2585 Corr.
1404 2548 1497 2585 Heu.
1524 2548 1602 2594 vll,
1630 2560 1664 2594 p.
1694 2551 1758 2584 11ss

257 2610 402 2652 —1l9),
433 2608 490 2641 καὶ
516 2607 574 2641 ἐπὶ
599 2610 661 2651 τῆς
684 2606 774 2652 ἐμῆς
799 2608 916 2653 ἀρχῆς
939 2607 1026 2652 (scil.
1054 2607 1201 2652 ἔλαβον)
1227 2634 1394 2642 .......
1421 2608 1537 2641 ταῦτα
1562 2606 1755 2650 παρέδωκα

258 2667 309 2710 τῷ
334 2664 416 2707 μετ’
443 2663 603 2706 ἐμαυτὸν
629 2662 777 2710 ἄρχοντι
798 2662 1028 2709 Ἐπιιτήμυνι.
1187 2664 1232 2709 ⁷¹)
1257 2663 1350 2698 Bull.
1375 2662 1408 2697 d.
1434 2662 1532 2699 Corr.
1558 2662 1651 2699 Hell.
1676 2662 1756 2709 VII,

257 2732 290 2766 p.
321 2723 501 2757 116—119
525 2721 591 2756 sub
616 2721 670 2755 tit.
695 2720 754 2754 fin.
