1979 3326
152 458 288 496 iecisse
316 457 438 496 altero
465 456 578 494 titulo
606 455 655 493 ab
682 455 890 493 Hauvettio
917 455 1072 492 invento
1107 452 1378 500 simillimo,¹⁶)
1413 453 1452 490 in
1488 464 1563 500 quo
1601 452 1657 490 di-

153 525 258 559 serte
284 521 550 559 insulanorum
578 517 754 568 σύνεδροι
787 519 1034 567 appellantur
1063 522 1102 556 et
1128 518 1242 566 plane
1275 517 1508 565 perspicitur
1545 526 1658 553 sena-

152 588 233 622 tum
261 584 554 631 contionemque
587 581 845 630 intellegenda
880 592 955 619 non
989 581 1253 618 insulanorum
1289 580 1504 618 communia
1539 583 1656 626 (quae

159 652 264 686 certe
292 647 399 685 nulla
432 645 615 693 fuerunt),
652 645 720 683 sed
749 645 983 693 singularum
1013 645 1209 683 civitatum
1245 644 1416 691 propria.
1473 641 1657 679 Videmus

152 711 270 759 igitur
298 711 483 748 maiorem
515 709 696 747 habuisse
732 709 933 747 concilium
968 709 1007 745 in
1044 709 1169 746 socios
1204 707 1373 754 singulos
1408 710 1655 754 potestatem,

153 785 268 822 quam
294 785 463 822 unquam
492 773 648 821 synedri
677 772 923 810 Atheniensis
953 772 1149 810 societatis
1177 769 1450 818 possederant,
1489 768 1535 806 de
1575 769 1656 817 qui-

151 836 224 874 bus
253 837 349 874 nihil
375 836 591 874 huiusmodi
619 837 825 874 memoriae
854 835 1036 873 traditum
1067 840 1137 872 est.
1194 833 1323 871 Etiam
1343 833 1458 870 aliam
1478 844 1558 869 rem
1579 843 1656 869 non

156 900 315 938 minoris
342 898 507 938 fortasse
537 900 716 937 momenti
743 898 832 936 inde
861 898 1061 936 discimus:
1090 909 1178 935 nam
1207 897 1310 944 quod
1335 897 1428 933 vlris
1455 895 1552 933 bene
1581 907 1658 932 me-

153 963 239 1000 ritis
273 974 351 1001 una
386 974 470 1000 cum
505 963 660 1000 civitate
693 962 860 1000 omnium
895 961 1046 999 urbium
1081 959 1368 999 foederatarum
1403 960 1461 997 ius
1499 970 1652 1007 quoque

153 1027 391 1074 permittitur
425 1038 556 1074 agrum
592 1025 820 1073 domumque
856 1026 896 1062 in
930 1025 1090 1072 singulis
1126 1024 1348 1062 civitatibus
1387 1022 1557 1068 emendi,
1594 1033 1659 1059 ne—

152 1100 260 1128 cesse
299 1090 391 1128 mihi
418 1089 572 1128 videtur
604 1089 791 1127 insulanis
826 1089 920 1136 ipsis
956 1089 1112 1126 licuisse
1148 1089 1187 1125 in
1224 1087 1399 1125 omnibus
1434 1084 1655 1124 civitatibus

154 1152 365 1192 foederatis
395 1153 528 1191 eodem
557 1153 640 1190 iure
669 1153 737 1190 uti.
794 1152 904 1199 Quod
933 1153 966 1189 si
993 1163 1125 1189 verum
1154 1155 1232 1198 est,
1268 1155 1450 1198 quantum
1479 1149 1659 1187 babuerit

151 1216 331 1254 utilitatis
360 1216 409 1255 ad
438 1216 704 1254 commercium
735 1214 1063 1263 amplificandum,
1098 1218 1279 1263 apparet,
1309 1225 1433 1262 neque
1464 1213 1579 1250 ullam
1611 1212 1657 1249 de

153 1278 226 1317 1130
254 1291 296 1317 re
325 1279 526 1318 dubitandi
554 1290 708 1317 causam
743 1278 873 1325 video,
910 1278 977 1316 sed
1005 1283 1134 1316 notam
1164 1288 1372 1325 agnoscere
1403 1277 1494 1313 mihi
1522 1275 1656 1313 videor

153 1341 346 1389 quandam
375 1343 457 1379 eius
485 1342 643 1385 aetatis,
680 1352 756 1389 qua
784 1345 984 1388 grassante
1012 1342 1052 1378 iu
1081 1340 1162 1378 dies
1199 1341 1320 1388 magis
1357 1340 1508 1385 morbo,
1545 1351 1658 1387 quem

153 1415 224 1442 nos
249 1403 650 1452 »Cosmopolitismus«
681 1405 933 1452 appellamus,
965 1405 1136 1452 singulae
1164 1405 1340 1442 civitates
1370 1404 1489 1451 magis
1521 1405 1658 1451 magis-

153 1479 227 1516 que
254 1468 359 1506 illam
387 1479 518 1506 curam
548 1472 586 1506 et
613 1469 870 1516 suspicionem
901 1468 1105 1512 exuebant,
1142 1480 1219 1516 qua
1246 1472 1361 1506 antea
1390 1472 1427 1505 et
1455 1472 1561 1505 terra
1589 1478 1659 1504 sua

152 1535 192 1569 et
225 1532 363 1569 civium
398 1531 540 1570 tabulis
575 1532 785 1579 inquilinos
824 1531 1001 1569 solebant
1043 1531 1259 1569 excludere.
1330 1530 1525 1578 synedros
1570 1542 1658 1568 vero

154 1599 318 1643 apparet
344 1595 529 1643 pecunias
559 1605 711 1642 quoque
741 1605 959 1632 communes
987 1594 1298 1639 administrasse,
1333 1606 1431 1642 quae
1461 1599 1564 1631 certe
1593 1604 1658 1631 an-

154 1659 261 1706 tiquo
290 1669 394 1696 more
423 1658 472 1696 ab
500 1669 732 1706 unaquaque
762 1659 916 1696 civitate
944 1669 1015 1705 pro
1045 1658 1182 1706 opibus
1213 1658 1295 1695 eius
1316 1657 1581 1705 exigebantur,
1611 1669 1658 1695 ex

154 1721 294 1770 quibus
322 1732 484 1759 coronas
512 1733 651 1759 aureas
680 1726 717 1759 et
746 1726 895 1760 statuas
924 1733 1171 1769 comparasse
1201 1726 1240 1759 et
1267 1720 1424 1758 decreta
1459 1732 1528 1758 sua
1564 1721 1656 1768 lapi—

154 1784 267 1823 dibus
296 1784 501 1822 incidenda
529 1795 686 1822 curasse
715 1784 906 1822 dicuntur.
969 1786 1098 1832 Atque
1128 1784 1374 1822 memorabile
1403 1789 1514 1832 puto,
1553 1783 1656 1831 quod

155 1847 263 1886 nulla
289 1847 332 1885 fit
359 1848 514 1894 mentio,
542 1847 744 1895 pecuniam
774 1859 820 1884 ex
848 1848 999 1885 aerario
1029 1858 1188 1894 erogare
1209 1849 1317 1885 cuius
1346 1847 1472 1893 fuerit,
1503 1852 1545 1884 ut
1570 1858 1657 1894 pro—

154 1912 279 1960 prium
307 1923 445 1949 munus
474 1911 734 1959 quaestorium
762 1922 838 1948 non
865 1910 995 1957 fuisse,
1007 1910 1054 1955 l⁷)
1084 1911 1152 1949 sed
1173 1923 1219 1949 ex
1239 1912 1323 1958 ipso
1344 1910 1524 1958 synedrio
1546 1911 1657 1948 electi

154 1986 225 2023 per
252 1979 399 2013 certum
428 1973 619 2022 quoddam
649 1979 812 2023 tempus,
841 1973 1006 2013 fortasse
1036 1976 1158 2012 minus
1188 1986 1301 2022 quam
1329 1985 1507 2020 annuum,
1538 1975 1657 2012 socio-

156 2049 240 2075 rum
269 2037 410 2075 aerarii
439 2047 568 2074 curam
598 2036 778 2075 habuisse
806 2037 1022 2076 videantur.
1086 2037 1281 2076 Ludorum
1312 2038 1427 2075 etiam
1463 2038 1563 2075 inter
1600 2049 1660 2084 sy-

158 2099 286 2138 nedrii
321 2110 491 2148 expensa
526 2100 667 2138 mentio
703 2099 878 2139 facienda
912 2106 986 2147 est,
1025 2113 1120 2149 quos
1156 2101 1195 2138 in
1230 2101 1413 2139 honorem
1447 2100 1660 2140 Ptolemaei

163 2163 363 2202 cuiusdam
405 2160 657 2212 (Πτολεμαῑα)
693 2163 942 2202 celebrabant
977 2176 1133 2212 magno,
1174 2170 1215 2202 ut
1252 2164 1421 2211 videtur,
1457 2170 1659 2213 apparatu.

157 2226 232 2274 Qui
258 2225 341 2264 ludi
370 2237 445 2274 quo
474 2230 646 2274 tempore
676 2231 714 2264 et
741 2228 849 2265 cuius
877 2229 1001 2275 gratia
1030 2241 1076 2266 ex
1105 2229 1337 2266 Ptolemaeis
1369 2229 1499 2276 (vulgo
1530 2228 1658 2266 Phila-

156 2288 319 2338 delphus
346 2289 596 2337 intellegitur)
625 2290 812 2337 instituti,
841 2291 906 2329 ubi
935 2292 994 2329 vel
1023 2291 1175 2340 quando
1205 2292 1391 2330 celebrati
1422 2293 1519 2339 sint,
1549 2304 1659 2340 pror·

157 2363 223 2391 sus
252 2353 463 2400 ignoratur,
492 2363 578 2390 cum
606 2353 644 2390 iu
673 2364 748 2391 uno
776 2353 890 2392 modo
918 2355 1032 2392 titulo
1061 2360 1416 2401 commemorentur,
1447 2367 1522 2403 quo
1548 2368 1660 2403 prae-

158 2416 317 2464 cipitur,
345 2419 389 2453 ut
415 2426 558 2454 corona
583 2427 702 2454 aurea
730 2416 932 2465 Thrasycli
959 2428 982 2455 a
1007 2417 1186 2465 synedrio
1207 2417 1363 2456 decreta
1389 2420 1662 2465 pronuntietur

163 2489 187 2518 a
218 2489 427 2527 praecone:
463 2476 710 2528 Πτολεμαίων
743 2483 799 2530 τῷ
831 2479 950 2531 ἀγῶνι
984 2483 1040 2531 τῷ
1075 2480 1230 2532 πρώτῳ,
1266 2480 1358 2519 ὅταν
1392 2481 1429 2518 οἱ
1465 2480 1663 2531 τραγῳδοὶ

250 2620 297 2663 1⁶)
321 2619 415 2654 Bull.
441 2619 474 2655 d.
500 2619 599 2655 Corr.
625 2620 718 2656 Heu.
744 2621 823 2663 VH,
850 2632 883 2666 p.
908 2625 939 2657 7.

253 2677 296 2720 ¹⁷)
321 2677 439 2713 Semel
463 2684 632 2723 quaestor
656 2679 861 2723 appellatur
886 2679 920 2713 in
946 2678 1089 2714 decreto
1116 2680 1152 2714 in
1178 2680 1347 2714 honorem
1371 2679 1530 2714 Timonis
1558 2680 1663 2723 Syra·

160 2734 284 2769 cusani
314 2733 427 2779 facto,
460 2734 555 2779 quod
587 2735 633 2770 ad
664 2736 790 2770 ultima
821 2735 1003 2770 societatis
1035 2742 1196 2781 tempora
1224 2736 1451 2771 referendum
1482 2747 1560 2772 esse
1592 2737 1663 2770 iam

161 2790 254 2826 dixi:
280 2789 317 2825 C.
330 2789 358 2825 1.
373 2789 416 2826 G.
441 2793 544 2836 2334,
569 2791 630 2827 lin.
652 2795 708 2828 25.

229 2855 264 2883 B.
281 2854 324 2882 St-
359 2855 412 2882 lx·
450 2855 476 2881 1.
1348 2853 1367 2887 7
