1957 3326
893 282 1176 324 -28—

287 405 374 443 linis
410 405 591 453 templum
621 416 750 443 eorum
786 405 947 444 arbitrio
977 406 1237 444 administrari
1267 407 1341 444 sint
1370 409 1485 456 passi.
1541 409 1614 457 Qui
1642 407 1787 450 fuerint

288 468 578 506 Atheniensium
598 469 858 516 magistratus,
888 469 1026 516 quibus
1046 470 1177 517 templi
1204 469 1341 508 deliaci
1361 472 1579 520 aerariique
1598 473 1699 511 sacri
1719 472 1788 511 ad-

288 530 529 568 ministrandi
559 542 653 568 cura
681 535 784 569 esset
811 533 1012 579 permissa,
1043 544 1195 580 quoque
1224 534 1376 571 nomine
1404 534 1590 582 appellati
1619 535 1697 573 sint
1714 535 1787 574 hoc

287 599 479 642 tempore,
514 606 560 632 ne
589 594 829 632 coniiciendo
858 594 1010 642 quidem
1039 596 1193 643 assequi
1222 607 1445 644 possumuS,
1474 596 1541 635 sed
1570 608 1668 645 quae
1696 597 1787 635 mihi

288 657 577 704 diligentissime
619 658 880 704 perscrutanti
923 658 1196 696 verisimillima
1237 659 1319 697 visa
1360 662 1466 706 suut,
1513 663 1642 698 tacere
1684 661 1785 699 nolo.

288 719 410 766 Quum
440 720 477 756 in
507 720 753 767 pecuniarum
785 719 998 757 rationibus
1027 720 1158 768 templi
1188 720 1338 768 deliaci,
1368 720 1583 770 Glaucippo
1602 722 1787 761 archonte

287 780 591 829 promulgatisffl)
627 782 692 827 (de
721 782 860 830 quibus
895 781 996 819 infra
1028 783 1184 820 uberius
1213 786 1383 831 agetur),
1417 785 1664 832 magistratus
1692 789 1789 823 tem·

287 845 390 892 plum
427 848 605 882 curantes
640 856 715 883 non
744 845 970 892 simpliciter
998 842 1281 895 Ἀμφικτύονες,
1317 845 1384 883 sed
1413 846 1562 885 adiecto
1591 844 1789 897 Ἀθηναίων

287 907 436 944 nomine
471 907 734 955 appellentur,
770 908 899 945 nescio
934 919 982 945 an
1019 909 1095 945 sint
1129 909 1251 955 primo
1281 909 1598 957 Amphictyonum
1633 910 1786 948 nomine

286 970 345 1007 usi
375 969 489 1017 legati
518 973 556 1008 et
584 970 631 1007 ad
661 982 722 1008 res
752 981 970 1008 communes
999 972 1038 1008 in
1067 971 1245 1018 synedrio
1274 970 1543 1010 deliberandas
1572 974 1611 1009 et
1637 971 1686 1009 ad
1714 972 1788 1010 sol-

286 1033 425 1071 lemnia
465 1032 537 1070 deo
579 1032 811 1071 celebranda
851 1033 899 1071 ab
937 1033 1255 1081 Amphictyoniae
1301 1033 1471 1072 deliacae
1513 1034 1628 1072 sociis
1669 1034 1788 1082 missi,

286 1100 401 1143 atque
430 1097 484 1134 ita
513 1095 683 1143 quidem,
719 1100 761 1133 ut
796 1107 887 1134 suae
917 1097 1078 1143 quisque
1115 1097 1280 1134 civitatis
1309 1108 1447 1135 nomen
1480 1097 1668 1135 communi
1697 1097 1787 1134 Am-

286 1158 530 1206 phictyonum
560 1160 702 1196 nomini
731 1158 934 1196 adiiceret:
971 1162 1117 1206 postea.
1150 1170 1265 1206 quum
1294 1159 1549 1197 Athenienses
1577 1162 1697 1197 totam
1725 1170 1788 1207 sy-

286 1220 409 1258 nedrii
445 1221 712 1258 auctoritatem
749 1221 787 1257 in
825 1231 864 1257 se
901 1219 1001 1257 solos
1032 1218 1296 1262 deflexissent.
1333 1232 1462 1259 eorum
1498 1221 1785 1270 amphictyones

285 1295 347 1320 res
390 1293 520 1320 sacras
562 1283 821 1330 templumque
863 1282 1181 1320 administrarunt
1226 1294 1294 1321 suo
1337 1283 1517 1331 arbitrio,
1564 1284 1786 1322 theororum

285 1345 545 1383 tantummodo
580 1346 801 1384 muneribus
838 1345 959 1383 functi
993 1350 1082 1383 suut
1115 1346 1253 1394 reliqui
1323 1347 1434 1394 Quod
1463 1351 1609 1386 certum
1637 1350 1715 1394 est,
1749 1350 1788 1385 et

287 1408 343 1446 liis
381 1410 571 1446 sociorum
610 1409 744 1456 legatis
780 1409 1101 1457 Amphictyonum
1138 1420 1275 1446 nomen
1310 1410 1453 1458 optime
1489 1410 1691 1448 conveniat
1736 1431 1785 1437 -

286 1471 428 1508 nullum
461 1476 519 1509 est
548 1472 646 1508 enim
676 1471 780 1509 aliud
808 1471 992 1509 traditum
1031 1492 1071 1496 —
1113 1476 1150 1509 et
1180 1475 1332 1510 exstant
1360 1475 1464 1510 certe
1493 1472 1531 1509 in
1559 1472 1787 1520 posterioris

287 1535 471 1581 temporis
516 1535 627 1572 titulo
669 1534 859 1582 (lapidem
903 1534 988 1573 dico
1025 1534 1390 1581 Saudwicensemw)
1425 1533 1580 1582 quidam
1620 1530 1789 1584 Ἀνδρίων

288 1594 549 1645 Ἀμφικτύονες
583 1597 736 1644 iisdem,
774 1609 871 1645 quae
908 1597 1190 1645 antiquioribus
1225 1598 1302 1635 illis
1337 1597 1449 1636 modo
1486 1597 1624 1645 tribui,
1658 1609 1788 1636 mune-

287 1659 392 1696 ribus
421 1657 604 1704 functi.¹⁴)
662 1659 738 1697 Sed
767 1671 879 1707 quam
909 1661 985 1697 sint
1013 1660 1107 1698 baec
1135 1660 1253 1699 dubia
1280 1663 1396 1708 atque
1425 1662 1593 1708 incerta,
1632 1661 1784 1699 minime

287 1733 345 1760 me
374 1721 480 1769 fugit.

390 1786 625 1834 Quocunque
667 1790 756 1823 sunt
791 1786 974 1834 appellati
1010 1787 1177 1833 nomine,
1221 1786 1486 1824 documentum
1531 1790 1636 1825 certe
1671 1786 1788 1834 magi-

287 1852 431 1886 stratus
453 1848 490 1886 hi
519 1849 625 1886 attici
647 1849 756 1886 nobis
785 1849 1026 1896 reliquerunt
1045 1860 1170 1886 rerum
1199 1859 1222 1886 a
1250 1860 1290 1886 se
1319 1852 1512 1897 gestarum
1547 1871 1582 1875 —
1618 1849 1785 1898 lapidem

287 1911 371 1948 dico
400 1911 448 1948 ad
478 1911 710 1958 Prytaneum
743 1911 901 1948 Athenis
932 1911 1108 1949 effossum
1144 1912 1344 1959 primoque
1372 1922 1395 1949 a
1423 1911 1562 1950 Rossio
1590 1911 1630 1950 in
1662 1911 1788 1950 Iahnii

288 1974 490 2011 annalibus
521 1974 675 2020 editum,
705 1985 728 2012 a
756 1974 949 2011 Boeclzhio
978 1985 1067 2012 vero
1096 1974 1397 2012 luculentissimo
1426 1975 1697 2012 commentario
1725 1985 1788 2013 or-

289 2036 483 2080 natum.¹⁵)
531 2037 666 2074 Insunt
687 2038 856 2075 rationes
885 2037 1130 2084 pecuniarum
1161 2041 1199 2074 et
1227 2035 1429 2074 fundorum
1457 2037 1695 2085 aliorumque
1725 2036 1787 2076 dei

287 2099 530 2147 praediorum
555 2100 775 2146 locationes,
796 2100 1036 2147 perscriptae
1058 2110 1081 2136 a
1100 2099 1399 2147 magistratibus,
1425 2100 1489 2147 qui
1518 2110 1655 2138 munus
1683 2099 1788 2138 obie-

288 2167 377 2200 runt
411 2161 564 2200 Cratete
599 2162 761 2200 Athenis
806 2162 989 2200 archonte
1026 2166 1084 2207 (a.
1122 2162 1297 2208 434l33).
1363 2161 1406 2199 In
1438 2161 1512 2200 hoc
1545 2161 1729 2200 dissentio
1764 2173 1789 2201 a

380 2335 421 2378 ¹2)
448 2334 538 2368 Bull.
566 2333 598 2368 d.
626 2334 723 2367 Corr.
750 2332 841 2366 IIell.
869 2332 965 2375 Vlll,
992 2343 1023 2375 p.
1043 2334 1121 2366 283.
1264 2331 1305 2376 ¹³)
1331 2331 1364 2365 C.
1388 2331 1414 2365 1.
1432 2331 1475 2365 A.
1501 2331 1546 2375 11,
1571 2333 1648 2366 814.

380 2393 422 2435 ¹⁴)
449 2391 548 2434 Quod
576 2390 779 2425 Boeckhius
805 2390 896 2424 (lixit
921 2400 988 2423 non
1016 2389 1126 2423 fuisse
1152 2388 1216 2423 hos
1242 2388 1474 2432 magistratus
1491 2388 1785 2434 Amphictyonas,

287 2449 372 2492 quia
403 2459 471 2482 non
504 2459 568 2493 per
594 2447 742 2481 eandem
776 2457 947 2481 annornm
981 2446 1107 2480 seriem
1135 2447 1171 2479 ἐκ
1199 2444 1457 2491 Παναθηναίων
1485 2447 1522 2485 ἐς
1548 2444 1785 2492 Παναθήναια

288 2516 432 2540 munere
463 2506 712 2547 fungerentur,
745 2505 892 2549 erravit,
925 2504 1096 2548 deceptus
1127 2503 1258 2548 lapidis
1285 2503 1546 2538 sandwicensis
1571 2502 1786 2548 testimonio,

288 2574 391 2606 quom
437 2562 615 2607 specimen
654 2562 830 2596 rationum
870 2561 914 2595 ab
953 2561 1274 2606 Amphictyonibus
1312 2561 1590 2606 perscripturum
1626 2559 1787 2606 putabat,

288 2631 396 2664 quum
422 2620 464 2654 (le
491 2620 596 2654 solita
628 2630 751 2653 norma
773 2630 852 2653 eum
880 2619 994 2663 ipsum
1021 2619 1210 2653 deflexisse
1237 2617 1458 2653 ostenderint
1481 2617 1576 2652 tituli
1594 2627 1708 2662 nuper
1731 2627 1786 2652 rc-

287 2678 391 2722 perti,
418 2684 453 2711 ut
482 2687 544 2712 suo
571 2677 647 2711 loco
673 2676 916 2712 demonstrare
942 2677 1107 2712 conabor.
1234 2679 1275 2723 Ι·’>)
1302 2677 1485 2712 Sita-Ber.
1511 2676 1544 2712 d.
1568 2676 1785 2722 preussisch.

288 2733 398 2768 Acad.
432 2737 515 2768 1834
541 2750 580 2765 =
608 2735 724 2770 Klein.
753 2734 895 2769 Schrit't.
924 2734 964 2779 V,
991 2745 1023 2778 p.
1043 2738 1126 2780 430,
1158 2745 1252 2770 nunc
1277 2739 1396 2770 exstat
1420 2734 1457 2769 in
1482 2734 1520 2770 C.
1539 2734 1565 2770 1.
1583 2734 1626 2770 A.
1652 2734 1681 2780 1,
1705 2736 1783 2771 283.
