<?xml version="1.0" encoding="UTF-8"?>
<!DOCTYPE html PUBLIC "-//W3C//DTD XHTML 1.0 Transitional//EN"
    "http://www.w3.org/TR/xhtml1/DTD/xhtml1-transitional.dtd">
<html xmlns="http://www.w3.org/1999/xhtml" xml:lang="en" lang="en">
 <head>
  <title>
</title>
<meta http-equiv="Content-Type" content="text/html;charset=utf-8" />
  <meta name='ocr-system' content='tesseract 3.04.00' />
  <meta name='ocr-capabilities' content='ocr_page ocr_carea ocr_par ocr_line ocrx_word'/>
</head>
<body>
  <div class='ocr_page' id='page_1' title='image "./dedeliinsulaereb00scho_0223.png"; bbox 0 0 1979 3326; ppageno 0'>
   <div class='ocr_carea' id='block_1_1' title="bbox 748 321 1052 360">
    <p class='ocr_par' dir='ltr' id='par_1_1' title="bbox 748 321 1052 360">
     <span class='ocr_line' id='line_1_1' title="bbox 748 321 1052 360; baseline -0.003 0"><span class='ocrx_word' id='word_1_1' title='bbox 748 321 1052 360; x_wconf 77' lang='lat'>-211-</span> 
     </span>
    </p>
   </div>
   <div class='ocr_carea' id='block_1_2' title="bbox 96 441 1653 1877">
    <p class='ocr_par' dir='ltr' id='par_1_2' title="bbox 96 441 1653 1564">
     <span class='ocr_line' id='line_1_2' title="bbox 155 441 1650 493; baseline -0.002 -9"><span class='ocrx_word' id='word_1_2' title='bbox 155 445 300 484; x_wconf 84' lang='lat' dir='ltr'>liberae</span> <span class='ocrx_word' id='word_1_3' title='bbox 327 444 562 493; x_wconf 89' lang='lat' dir='ltr'>reipublicae</span> <span class='ocrx_word' id='word_1_4' title='bbox 592 443 762 482; x_wconf 89' lang='lat' dir='ltr'>deliacae</span> <span class='ocrx_word' id='word_1_5' title='bbox 782 448 955 492; x_wconf 89' lang='lat' dir='ltr'>tempore</span> <span class='ocrx_word' id='word_1_6' title='bbox 983 447 1328 481; x_wconf 84' lang='lat' dir='ltr'><strong>commemorentur</strong></span> <span class='ocrx_word' id='word_1_7' title='bbox 1355 441 1477 492; x_wconf 80' lang='grc' dir='ltr'><em>ἱέρεια</em></span> <span class='ocrx_word' id='word_1_8' title='bbox 1497 442 1650 481; x_wconf 90' lang='lat' dir='ltr'>Cereris</span> 
     </span>
     <span class='ocr_line' id='line_1_3' title="bbox 155 505 1652 554; baseline -0.002 -7"><span class='ocrx_word' id='word_1_9' title='bbox 155 512 195 547; x_wconf 87' lang='lat' dir='ltr'>et</span> <span class='ocrx_word' id='word_1_10' title='bbox 221 509 298 546; x_wconf 89' lang='lat' dir='ltr'>alia</span> <span class='ocrx_word' id='word_1_11' title='bbox 325 508 406 546; x_wconf 90' lang='lat' dir='ltr'>eius</span> <span class='ocrx_word' id='word_1_12' title='bbox 433 505 548 553; x_wconf 91' lang='lat' dir='ltr'>filiae,</span> <span class='ocrx_word' id='word_1_13' title='bbox 578 518 676 554; x_wconf 88' lang='lat' dir='ltr'>quae</span> <span class='ocrx_word' id='word_1_14' title='bbox 704 506 920 544; x_wconf 88' lang='lat' dir='ltr'>sacerdotia</span> <span class='ocrx_word' id='word_1_15' title='bbox 949 506 1100 544; x_wconf 91' lang='lat' dir='ltr'>sublata</span> <span class='ocrx_word' id='word_1_16' title='bbox 1130 517 1213 543; x_wconf 88' lang='lat' dir='ltr'>esse</span> <span class='ocrx_word' id='word_1_17' title='bbox 1246 507 1398 544; x_wconf 88' lang='lat' dir='ltr'>minime</span> <span class='ocrx_word' id='word_1_18' title='bbox 1434 510 1493 544; x_wconf 89' lang='lat' dir='ltr'>est</span> <span class='ocrx_word' id='word_1_19' title='bbox 1520 507 1652 544; x_wconf 84' lang='lat' dir='ltr'>verisi-</span> 
     </span>
     <span class='ocr_line' id='line_1_4' title="bbox 155 568 1653 620; baseline -0.003 -9"><span class='ocrx_word' id='word_1_20' title='bbox 155 572 255 619; x_wconf 84' lang='lat' dir='ltr'>mile,</span> <span class='ocrx_word' id='word_1_21' title='bbox 284 575 400 620; x_wconf 89' lang='lat' dir='ltr'>atque</span> <span class='ocrx_word' id='word_1_22' title='bbox 429 572 519 608; x_wconf 90' lang='lat' dir='ltr'>item</span> <span class='ocrx_word' id='word_1_23' title='bbox 550 570 620 607; x_wconf 91' lang='lat' dir='ltr'>Isis</span> <span class='ocrx_word' id='word_1_24' title='bbox 649 571 740 617; x_wconf 90' lang='lat' dir='ltr'>quin</span> <span class='ocrx_word' id='word_1_25' title='bbox 769 581 875 607; x_wconf 86' lang='lat' dir='ltr'>suam</span> <span class='ocrx_word' id='word_1_26' title='bbox 897 569 1075 607; x_wconf 90' lang='lat' dir='ltr'>habuerit</span> <span class='ocrx_word' id='word_1_27' title='bbox 1094 568 1352 615; x_wconf 73' lang='lat' dir='ltr'>sacerdotem,</span> <span class='ocrx_word' id='word_1_28' title='bbox 1382 569 1558 607; x_wconf 87' lang='lat' dir='ltr'>dubitare</span> <span class='ocrx_word' id='word_1_29' title='bbox 1588 581 1653 607; x_wconf 90' lang='lat' dir='ltr'>ne-</span> 
     </span>
     <span class='ocr_line' id='line_1_5' title="bbox 155 631 1653 683; baseline -0.002 -10"><span class='ocrx_word' id='word_1_30' title='bbox 155 645 348 683; x_wconf 83' lang='lat' dir='ltr'>quaquam</span> <span class='ocrx_word' id='word_1_31' title='bbox 378 633 505 671; x_wconf 91' lang='lat' dir='ltr'>liceat.</span> <span class='ocrx_word' id='word_1_32' title='bbox 559 632 647 670; x_wconf 90' lang='lat' dir='ltr'>Una</span> <span class='ocrx_word' id='word_1_33' title='bbox 675 631 938 669; x_wconf 89' lang='lat' dir='ltr'>tantummodo</span> <span class='ocrx_word' id='word_1_34' title='bbox 966 635 1137 678; x_wconf 90' lang='lat' dir='ltr'>tempore</span> <span class='ocrx_word' id='word_1_35' title='bbox 1167 631 1383 668; x_wconf 89' lang='lat' dir='ltr'>cleruchiae</span> <span class='ocrx_word' id='word_1_36' title='bbox 1424 633 1564 669; x_wconf 87' lang='lat' dir='ltr'>atticae</span> <span class='ocrx_word' id='word_1_37' title='bbox 1597 633 1653 670; x_wconf 91' lang='lat' dir='ltr'>in-</span> 
     </span>
     <span class='ocr_line' id='line_1_6' title="bbox 153 693 1651 742; baseline -0.001 -7"><span class='ocrx_word' id='word_1_38' title='bbox 153 697 280 736; x_wconf 89' lang='lat' dir='ltr'>notuit</span> <span class='ocrx_word' id='word_1_39' title='bbox 308 695 501 742; x_wconf 85' lang='lat' dir='ltr'>sacerdos,</span> <span class='ocrx_word' id='word_1_40' title='bbox 531 694 598 732; x_wconf 88' lang='lat' dir='ltr'>sed</span> <span class='ocrx_word' id='word_1_41' title='bbox 624 694 719 732; x_wconf 90' lang='lat' dir='ltr'>haec</span> <span class='ocrx_word' id='word_1_42' title='bbox 747 693 920 732; x_wconf 91' lang='lat' dir='ltr'>omnibus</span> <span class='ocrx_word' id='word_1_43' title='bbox 956 693 1040 731; x_wconf 88' lang='lat' dir='ltr'>aliis</span> <span class='ocrx_word' id='word_1_44' title='bbox 1078 693 1262 740; x_wconf 81' lang='lat' dir='ltr'>dignitate</span> <span class='ocrx_word' id='word_1_45' title='bbox 1290 693 1401 741; x_wconf 86' lang='lat' dir='ltr'>longe</span> <span class='ocrx_word' id='word_1_46' title='bbox 1429 700 1651 741; x_wconf 88' lang='lat' dir='ltr'>praestans:</span> 
     </span>
     <span class='ocr_line' id='line_1_7' title="bbox 154 754 1649 806; baseline -0.001 -8"><span class='ocrx_word' id='word_1_47' title='bbox 154 759 351 798; x_wconf 83' lang='lat' dir='ltr'><strong>Sosandra</strong></span> <span class='ocrx_word' id='word_1_48' title='bbox 370 758 593 806; x_wconf 85' lang='lat' dir='ltr'>Sarapionis</span> <span class='ocrx_word' id='word_1_49' title='bbox 614 757 841 803; x_wconf 86' lang='lat' dir='ltr'>Melitensis,</span> <span class='ocrx_word' id='word_1_50' title='bbox 869 757 941 793; x_wconf 78' lang='lat' dir='ltr'>viri</span> <span class='ocrx_word' id='word_1_51' title='bbox 968 755 1196 794; x_wconf 86' lang='lat' dir='ltr'>nobilissimi</span> <span class='ocrx_word' id='word_1_52' title='bbox 1223 754 1313 803; x_wconf 71' lang='lat' dir='ltr'>filia,</span> <span class='ocrx_word' id='word_1_53' title='bbox 1344 768 1441 804; x_wconf 88' lang='lat' dir='ltr'>quae</span> <span class='ocrx_word' id='word_1_54' title='bbox 1470 759 1649 797; x_wconf 86' lang='lat' dir='ltr'>sacerdos</span> 
     </span>
     <span class='ocr_line' id='line_1_8' title="bbox 151 817 1652 870; baseline 0 -10"><span class='ocrx_word' id='word_1_55' title='bbox 151 821 225 860; x_wconf 84' lang='lat' dir='ltr'>fuit</span> <span class='ocrx_word' id='word_1_56' title='bbox 267 821 456 870; x_wconf 87' lang='lat' dir='ltr'>Apollinis</span> <span class='ocrx_word' id='word_1_57' title='bbox 505 821 647 859; x_wconf 87' lang='lat' dir='ltr'>sororis</span> <span class='ocrx_word' id='word_1_58' title='bbox 675 841 724 847; x_wconf 91' lang='lat'>-—</span> <span class='ocrx_word' id='word_1_59' title='bbox 754 819 873 868; x_wconf 78' lang='grc' dir='ltr'><em>ἱέρεια</em></span> <span class='ocrx_word' id='word_1_60' title='bbox 914 817 1215 869; x_wconf 70' lang='grc' dir='ltr'>Ἀρτέμιδοςς145)</span> <span class='ocrx_word' id='word_1_61' title='bbox 1258 820 1361 867; x_wconf 91' lang='lat' dir='ltr'>quod</span> <span class='ocrx_word' id='word_1_62' title='bbox 1400 822 1554 858; x_wconf 79' lang='lat' dir='ltr'>maximi</span> <span class='ocrx_word' id='word_1_63' title='bbox 1596 827 1652 860; x_wconf 88' lang='lat' dir='ltr'>est</span> 
     </span>
     <span class='ocr_line' id='line_1_9' title="bbox 151 882 1651 931; baseline -0.001 -7"><span class='ocrx_word' id='word_1_64' title='bbox 151 885 352 931; x_wconf 78' lang='lat' dir='ltr'>momenti,</span> <span class='ocrx_word' id='word_1_65' title='bbox 389 895 472 922; x_wconf 91' lang='lat' dir='ltr'>cum</span> <span class='ocrx_word' id='word_1_66' title='bbox 503 887 591 921; x_wconf 89' lang='lat' dir='ltr'>ante</span> <span class='ocrx_word' id='word_1_67' title='bbox 625 883 725 921; x_wconf 89' lang='lat' dir='ltr'>hunc</span> <span class='ocrx_word' id='word_1_68' title='bbox 758 883 910 920; x_wconf 87' lang='lat' dir='ltr'>titulum</span> <span class='ocrx_word' id='word_1_69' title='bbox 945 893 1068 930; x_wconf 86' lang='lat' dir='ltr'>nuper</span> <span class='ocrx_word' id='word_1_70' title='bbox 1102 883 1296 920; x_wconf 84' lang='lat' dir='ltr'>inventum</span> <span class='ocrx_word' id='word_1_71' title='bbox 1333 882 1487 921; x_wconf 90' lang='lat' dir='ltr'>dubium</span> <span class='ocrx_word' id='word_1_72' title='bbox 1524 883 1651 931; x_wconf 81' lang='lat' dir='ltr'>fuerit,</span> 
     </span>
     <span class='ocr_line' id='line_1_10' title="bbox 153 946 1653 994; baseline 0 -8"><span class='ocrx_word' id='word_1_73' title='bbox 153 947 381 987; x_wconf 84' lang='lat' dir='ltr'>habueritne</span> <span class='ocrx_word' id='word_1_74' title='bbox 412 948 564 986; x_wconf 91' lang='lat' dir='ltr'>omnino</span> <span class='ocrx_word' id='word_1_75' title='bbox 591 947 720 985; x_wconf 91' lang='lat' dir='ltr'>Diana</span> <span class='ocrx_word' id='word_1_76' title='bbox 747 946 859 985; x_wconf 92' lang='lat' dir='ltr'>Delia</span> <span class='ocrx_word' id='word_1_77' title='bbox 893 947 1090 994; x_wconf 86' lang='lat' dir='ltr'>propriam</span> <span class='ocrx_word' id='word_1_78' title='bbox 1127 946 1385 984; x_wconf 87' lang='lat' dir='ltr'>sacerdotem:</span> <span class='ocrx_word' id='word_1_79' title='bbox 1429 951 1540 985; x_wconf 90' lang='lat' dir='ltr'>notus</span> <span class='ocrx_word' id='word_1_80' title='bbox 1570 953 1653 986; x_wconf 89' lang='lat' dir='ltr'>erat</span> 
     </span>
     <span class='ocr_line' id='line_1_11' title="bbox 151 1008 1651 1061; baseline -0.001 -11"><span class='ocrx_word' id='word_1_81' title='bbox 151 1015 300 1050; x_wconf 82' lang='lat' dir='ltr'>tantum</span> <span class='ocrx_word' id='word_1_82' title='bbox 330 1008 457 1061; x_wconf 82' lang='grc' dir='ltr'><em>ἱερεὺς</em></span> <span class='ocrx_word' id='word_1_83' title='bbox 498 1015 590 1055; x_wconf 88' lang='lat' dir='ltr'>(non</span> <span class='ocrx_word' id='word_1_84' title='bbox 618 1009 752 1059; x_wconf 79' lang='grc' dir='ltr'><em>ἱέρεια)</em></span> <span class='ocrx_word' id='word_1_85' title='bbox 794 1009 1003 1061; x_wconf 81' lang='grc' dir='ltr'><em>Ἀρτέμιδος</em></span> <span class='ocrx_word' id='word_1_86' title='bbox 1031 1008 1072 1047; x_wconf 85' lang='grc' dir='ltr'>ἐν</span> <span class='ocrx_word' id='word_1_87' title='bbox 1116 1008 1309 1060; x_wconf 68' lang='grc' dir='ltr'>Νήσῳ,146)</span> <span class='ocrx_word' id='word_1_88' title='bbox 1338 1011 1359 1047; x_wconf 93' lang='lat' dir='ltr'>i.</span> <span class='ocrx_word' id='word_1_89' title='bbox 1383 1022 1413 1048; x_wconf 90' lang='lat' dir='ltr'>e.</span> <span class='ocrx_word' id='word_1_90' title='bbox 1471 1011 1651 1057; x_wconf 81' lang='lat' dir='ltr'>Hecatae,</span> 
     </span>
     <span class='ocr_line' id='line_1_12' title="bbox 152 1073 1652 1122; baseline 0 -10"><span class='ocrx_word' id='word_1_91' title='bbox 152 1085 267 1122; x_wconf 88' lang='lat' dir='ltr'>quam</span> <span class='ocrx_word' id='word_1_92' title='bbox 296 1075 436 1112; x_wconf 91' lang='lat' dir='ltr'>scimus</span> <span class='ocrx_word' id='word_1_93' title='bbox 464 1074 541 1112; x_wconf 89' lang='lat' dir='ltr'>iam</span> <span class='ocrx_word' id='word_1_94' title='bbox 569 1079 658 1112; x_wconf 89' lang='lat' dir='ltr'>ante</span> <span class='ocrx_word' id='word_1_95' title='bbox 687 1074 828 1112; x_wconf 86' lang='lat' dir='ltr'>cultam</span> <span class='ocrx_word' id='word_1_96' title='bbox 869 1075 908 1111; x_wconf 92' lang='lat' dir='ltr'>in</span> <span class='ocrx_word' id='word_1_97' title='bbox 950 1084 1071 1121; x_wconf 76' lang='lat' dir='ltr'>parva</span> <span class='ocrx_word' id='word_1_98' title='bbox 1098 1073 1170 1111; x_wconf 88' lang='lat' dir='ltr'>hac</span> <span class='ocrx_word' id='word_1_99' title='bbox 1205 1073 1341 1119; x_wconf 88' lang='lat' dir='ltr'>insula,</span> <span class='ocrx_word' id='word_1_100' title='bbox 1384 1073 1432 1111; x_wconf 89' lang='lat' dir='ltr'>ab</span> <span class='ocrx_word' id='word_1_101' title='bbox 1474 1074 1541 1111; x_wconf 89' lang='lat' dir='ltr'>illa</span> <span class='ocrx_word' id='word_1_102' title='bbox 1569 1075 1652 1122; x_wconf 89' lang='lat' dir='ltr'>ipsa</span> 
     </span>
     <span class='ocr_line' id='line_1_13' title="bbox 151 1136 1650 1176; baseline -0.001 0"><span class='ocrx_word' id='word_1_103' title='bbox 151 1149 287 1176; x_wconf 88' lang='lat' dir='ltr'>nomen</span> <span class='ocrx_word' id='word_1_104' title='bbox 316 1137 490 1175; x_wconf 88' lang='lat' dir='ltr'>ducente.</span> <span class='ocrx_word' id='word_1_105' title='bbox 545 1137 657 1174; x_wconf 91' lang='lat' dir='ltr'>Nunc</span> <span class='ocrx_word' id='word_1_106' title='bbox 683 1149 774 1175; x_wconf 81' lang='lat' dir='ltr'>vero</span> <span class='ocrx_word' id='word_1_107' title='bbox 803 1141 947 1175; x_wconf 89' lang='lat' dir='ltr'>certum</span> <span class='ocrx_word' id='word_1_108' title='bbox 977 1140 1035 1174; x_wconf 89' lang='lat' dir='ltr'>est</span> <span class='ocrx_word' id='word_1_109' title='bbox 1063 1136 1225 1174; x_wconf 87' lang='lat' dir='ltr'>Dianam</span> <span class='ocrx_word' id='word_1_110' title='bbox 1246 1136 1395 1174; x_wconf 82' lang='lat' dir='ltr'>Deliam</span> <span class='ocrx_word' id='word_1_111' title='bbox 1425 1148 1501 1175; x_wconf 91' lang='lat' dir='ltr'>non</span> <span class='ocrx_word' id='word_1_112' title='bbox 1530 1138 1650 1174; x_wconf 91' lang='lat' dir='ltr'>solum</span> 
     </span>
     <span class='ocr_line' id='line_1_14' title="bbox 151 1198 1649 1248; baseline 0.001 -11"><span class='ocrx_word' id='word_1_113' title='bbox 151 1199 390 1238; x_wconf 83' lang='lat' dir='ltr'>sacerdotem</span> <span class='ocrx_word' id='word_1_114' title='bbox 421 1199 602 1238; x_wconf 89' lang='lat' dir='ltr'>habuisse</span> <span class='ocrx_word' id='word_1_115' title='bbox 629 1201 836 1247; x_wconf 89' lang='lat' dir='ltr'>propriam.</span> <span class='ocrx_word' id='word_1_116' title='bbox 866 1199 934 1237; x_wconf 91' lang='lat' dir='ltr'>sed</span> <span class='ocrx_word' id='word_1_117' title='bbox 956 1200 1068 1237; x_wconf 87' lang='lat' dir='ltr'>etiam</span> <span class='ocrx_word' id='word_1_118' title='bbox 1092 1198 1305 1248; x_wconf 70' lang='grc' dir='ltr'><em>ὧφιέρειανε</em></span> <span class='ocrx_word' id='word_1_119' title='bbox 1335 1210 1418 1237; x_wconf 93' lang='lat' dir='ltr'>cum</span> <span class='ocrx_word' id='word_1_120' title='bbox 1449 1201 1547 1238; x_wconf 88' lang='lat' dir='ltr'>enim</span> <span class='ocrx_word' id='word_1_121' title='bbox 1577 1202 1649 1238; x_wconf 83' lang='lat' dir='ltr'>iam</span> 
     </span>
     <span class='ocr_line' id='line_1_15' title="bbox 151 1262 1653 1312; baseline -0.001 -10"><span class='ocrx_word' id='word_1_122' title='bbox 151 1263 301 1312; x_wconf 86' lang='lat' dir='ltr'>pridem</span> <span class='ocrx_word' id='word_1_123' title='bbox 330 1264 472 1312; x_wconf 89' lang='lat' dir='ltr'>cogniti</span> <span class='ocrx_word' id='word_1_124' title='bbox 512 1268 640 1301; x_wconf 89' lang='lat' dir='ltr'>essent</span> <span class='ocrx_word' id='word_1_125' title='bbox 667 1264 769 1301; x_wconf 90' lang='lat' dir='ltr'>tituli</span> <span class='ocrx_word' id='word_1_126' title='bbox 798 1262 954 1309; x_wconf 80' lang='lat' dir='ltr'>duo,¹⁴⁷)</span> <span class='ocrx_word' id='word_1_127' title='bbox 996 1263 1035 1300; x_wconf 93' lang='lat' dir='ltr'>in</span> <span class='ocrx_word' id='word_1_128' title='bbox 1078 1262 1216 1310; x_wconf 87' lang='lat' dir='ltr'>quibus</span> <span class='ocrx_word' id='word_1_129' title='bbox 1258 1263 1653 1301; x_wconf 87' lang='lat' dir='ltr'>commemorabantur</span> 
     </span>
     <span class='ocr_line' id='line_1_16' title="bbox 155 1325 1652 1377; baseline 0 -13"><span class='ocrx_word' id='word_1_130' title='bbox 155 1325 346 1377; x_wconf 82' lang='grc' dir='ltr'><em>ὑφιέρειαι</em></span> <span class='ocrx_word' id='word_1_131' title='bbox 374 1327 545 1375; x_wconf 87' lang='lat' dir='ltr'>singulae</span> <span class='ocrx_word' id='word_1_132' title='bbox 574 1327 724 1365; x_wconf 90' lang='lat' dir='ltr'>nomine</span> <span class='ocrx_word' id='word_1_133' title='bbox 754 1326 848 1364; x_wconf 89' lang='lat' dir='ltr'>deae</span> <span class='ocrx_word' id='word_1_134' title='bbox 878 1326 925 1364; x_wconf 86' lang='lat' dir='ltr'>ab</span> <span class='ocrx_word' id='word_1_135' title='bbox 963 1326 1039 1363; x_wconf 91' lang='lat' dir='ltr'>illis</span> <span class='ocrx_word' id='word_1_136' title='bbox 1069 1326 1193 1363; x_wconf 90' lang='lat' dir='ltr'>cultae</span> <span class='ocrx_word' id='word_1_137' title='bbox 1223 1337 1297 1362; x_wconf 88' lang='lat' dir='ltr'>non</span> <span class='ocrx_word' id='word_1_138' title='bbox 1327 1325 1534 1373; x_wconf 86' lang='lat' dir='ltr'>adscripto.</span> <span class='ocrx_word' id='word_1_139' title='bbox 1579 1339 1652 1364; x_wconf 92' lang='lat' dir='ltr'>non</span> 
     </span>
     <span class='ocr_line' id='line_1_17' title="bbox 148 1388 1651 1437; baseline -0.001 -9"><span class='ocrx_word' id='word_1_140' title='bbox 148 1389 290 1428; x_wconf 89' lang='lat' dir='ltr'>licebat</span> <span class='ocrx_word' id='word_1_141' title='bbox 320 1389 468 1428; x_wconf 88' lang='lat' dir='ltr'>Dianae</span> <span class='ocrx_word' id='word_1_142' title='bbox 497 1401 562 1427; x_wconf 88' lang='lat' dir='ltr'>eas</span> <span class='ocrx_word' id='word_1_143' title='bbox 590 1394 740 1437; x_wconf 89' lang='lat' dir='ltr'>putare,</span> <span class='ocrx_word' id='word_1_144' title='bbox 782 1390 890 1427; x_wconf 88' lang='lat' dir='ltr'>cuius</span> <span class='ocrx_word' id='word_1_145' title='bbox 932 1401 979 1426; x_wconf 89' lang='lat' dir='ltr'>ne</span> <span class='ocrx_word' id='word_1_146' title='bbox 1018 1388 1198 1426; x_wconf 87' lang='lat' dir='ltr'>sacerdos</span> <span class='ocrx_word' id='word_1_147' title='bbox 1229 1388 1380 1436; x_wconf 87' lang='lat' dir='ltr'>quidem</span> <span class='ocrx_word' id='word_1_148' title='bbox 1417 1395 1507 1427; x_wconf 87' lang='lat' dir='ltr'>nota</span> <span class='ocrx_word' id='word_1_149' title='bbox 1538 1395 1651 1436; x_wconf 84' lang='lat' dir='ltr'>esset,</span> 
     </span>
     <span class='ocr_line' id='line_1_18' title="bbox 96 1451 1649 1501; baseline 0 -10"><span class='ocrx_word' id='word_1_150' title='bbox 96 1465 102 1470; x_wconf 91' lang='lat'><strong>·</strong></span> <span class='ocrx_word' id='word_1_151' title='bbox 151 1457 310 1501; x_wconf 89' lang='lat' dir='ltr'>reperto</span> <span class='ocrx_word' id='word_1_152' title='bbox 338 1457 464 1491; x_wconf 85' lang='lat' dir='ltr'>autem</span> <span class='ocrx_word' id='word_1_153' title='bbox 494 1453 559 1490; x_wconf 95' lang='lat' dir='ltr'>illo</span> <span class='ocrx_word' id='word_1_154' title='bbox 587 1453 698 1490; x_wconf 91' lang='lat' dir='ltr'>titulo</span> <span class='ocrx_word' id='word_1_155' title='bbox 725 1453 877 1490; x_wconf 88' lang='lat' dir='ltr'>minime</span> <span class='ocrx_word' id='word_1_156' title='bbox 907 1451 1062 1489; x_wconf 91' lang='lat' dir='ltr'>dubium</span> <span class='ocrx_word' id='word_1_157' title='bbox 1091 1451 1163 1489; x_wconf 91' lang='lat' dir='ltr'>hoc</span> <span class='ocrx_word' id='word_1_158' title='bbox 1192 1463 1275 1489; x_wconf 88' lang='lat' dir='ltr'>esse</span> <span class='ocrx_word' id='word_1_159' title='bbox 1304 1456 1433 1499; x_wconf 87' lang='lat' dir='ltr'>potest</span> <span class='ocrx_word' id='word_1_160' title='bbox 1468 1453 1515 1490; x_wconf 93' lang='lat' dir='ltr'>ob</span> <span class='ocrx_word' id='word_1_161' title='bbox 1545 1453 1649 1491; x_wconf 92' lang='lat' dir='ltr'>dedi-</span> 
     </span>
     <span class='ocr_line' id='line_1_19' title="bbox 150 1514 1025 1564; baseline -0.003 -10"><span class='ocrx_word' id='word_1_162' title='bbox 150 1517 339 1554; x_wconf 88' lang='lat' dir='ltr'>cationem</span> <span class='ocrx_word' id='word_1_163' title='bbox 366 1517 406 1553; x_wconf 92' lang='lat' dir='ltr'>in</span> <span class='ocrx_word' id='word_1_164' title='bbox 433 1520 597 1564; x_wconf 88' lang='lat' dir='ltr'>utroque</span> <span class='ocrx_word' id='word_1_165' title='bbox 626 1515 776 1553; x_wconf 88' lang='lat' dir='ltr'>Dianae</span> <span class='ocrx_word' id='word_1_166' title='bbox 804 1514 1025 1560; x_wconf 80' lang='lat' dir='ltr'>factam.¹4⁸)</span> 
     </span>
    </p>

    <p class='ocr_par' dir='ltr' id='par_1_3' title="bbox 145 1577 1652 1877">
     <span class='ocr_line' id='line_1_20' title="bbox 254 1577 1650 1626; baseline 0 -10"><span class='ocrx_word' id='word_1_167' title='bbox 254 1577 348 1616; x_wconf 89' lang='lat' dir='ltr'>Cum</span> <span class='ocrx_word' id='word_1_168' title='bbox 385 1578 649 1616; x_wconf 88' lang='lat' dir='ltr'>sacerdotibus</span> <span class='ocrx_word' id='word_1_169' title='bbox 677 1579 891 1616; x_wconf 88' lang='lat' dir='ltr'>arctissime</span> <span class='ocrx_word' id='word_1_170' title='bbox 933 1578 1124 1615; x_wconf 89' lang='lat' dir='ltr'>coniuncti</span> <span class='ocrx_word' id='word_1_171' title='bbox 1154 1582 1243 1615; x_wconf 88' lang='lat' dir='ltr'>sunt</span> <span class='ocrx_word' id='word_1_172' title='bbox 1284 1589 1436 1626; x_wconf 87' lang='lat' dir='ltr'>unaque</span> <span class='ocrx_word' id='word_1_173' title='bbox 1478 1589 1560 1616; x_wconf 89' lang='lat' dir='ltr'>cum</span> <span class='ocrx_word' id='word_1_174' title='bbox 1605 1580 1650 1616; x_wconf 87' lang='lat' dir='ltr'>iis</span> 
     </span>
     <span class='ocr_line' id='line_1_21' title="bbox 147 1641 1652 1689; baseline 0.001 -10"><span class='ocrx_word' id='word_1_175' title='bbox 147 1641 370 1689; x_wconf 87' lang='lat' dir='ltr'>saepissime</span> <span class='ocrx_word' id='word_1_176' title='bbox 399 1641 645 1689; x_wconf 86' lang='lat' dir='ltr'>appellantur</span> <span class='ocrx_word' id='word_1_177' title='bbox 673 1642 836 1679; x_wconf 88' lang='lat' dir='ltr'>ministri</span> <span class='ocrx_word' id='word_1_178' title='bbox 866 1641 1020 1688; x_wconf 89' lang='lat' dir='ltr'>quidam</span> <span class='ocrx_word' id='word_1_179' title='bbox 1063 1642 1191 1679; x_wconf 85' lang='lat' dir='ltr'>variae</span> <span class='ocrx_word' id='word_1_180' title='bbox 1233 1642 1333 1679; x_wconf 91' lang='lat' dir='ltr'>inter</span> <span class='ocrx_word' id='word_1_181' title='bbox 1373 1653 1412 1679; x_wconf 87' lang='lat' dir='ltr'>se</span> <span class='ocrx_word' id='word_1_182' title='bbox 1443 1642 1652 1689; x_wconf 82' lang='lat' dir='ltr'>dignitatis,</span> 
     </span>
     <span class='ocr_line' id='line_1_22' title="bbox 148 1702 1650 1753; baseline 0.001 -11"><span class='ocrx_word' id='word_1_183' title='bbox 148 1715 308 1753; x_wconf 88' lang='lat' dir='ltr'>quorum</span> <span class='ocrx_word' id='word_1_184' title='bbox 328 1703 497 1742; x_wconf 84' lang='lat' dir='ltr'>breviter</span> <span class='ocrx_word' id='word_1_185' title='bbox 525 1705 664 1741; x_wconf 85' lang='lat' dir='ltr'>ment-io</span> <span class='ocrx_word' id='word_1_186' title='bbox 694 1708 751 1741; x_wconf 91' lang='lat' dir='ltr'>est</span> <span class='ocrx_word' id='word_1_187' title='bbox 770 1703 958 1741; x_wconf 87' lang='lat' dir='ltr'>facienda.</span> <span class='ocrx_word' id='word_1_188' title='bbox 1001 1702 1147 1741; x_wconf 88' lang='lat' dir='ltr'>Ceteris</span> <span class='ocrx_word' id='word_1_189' title='bbox 1177 1704 1287 1751; x_wconf 83' lang='lat' dir='ltr'>longe</span> <span class='ocrx_word' id='word_1_190' title='bbox 1316 1705 1554 1752; x_wconf 89' lang='lat' dir='ltr'>praecellunt</span> <span class='ocrx_word' id='word_1_191' title='bbox 1585 1706 1650 1743; x_wconf 93' lang='lat' dir='ltr'>ho-</span> 
     </span>
     <span class='ocr_line' id='line_1_23' title="bbox 148 1766 1651 1814; baseline 0 -9"><span class='ocrx_word' id='word_1_192' title='bbox 148 1778 242 1805; x_wconf 89' lang='lat' dir='ltr'>nore</span> <span class='ocrx_word' id='word_1_193' title='bbox 263 1766 459 1805; x_wconf 85' lang='lat' dir='ltr'>Deliastae</span> <span class='ocrx_word' id='word_1_194' title='bbox 487 1789 537 1794; x_wconf 96' lang='lat'>—</span> <span class='ocrx_word' id='word_1_195' title='bbox 566 1766 690 1804; x_wconf 90' lang='lat' dir='ltr'>theori</span> <span class='ocrx_word' id='word_1_196' title='bbox 720 1768 852 1814; x_wconf 86' lang='lat' dir='ltr'>quinto</span> <span class='ocrx_word' id='word_1_197' title='bbox 873 1778 1025 1814; x_wconf 91' lang='lat' dir='ltr'>quoque</span> <span class='ocrx_word' id='word_1_198' title='bbox 1051 1778 1151 1804; x_wconf 91' lang='lat' dir='ltr'>anno</span> <span class='ocrx_word' id='word_1_199' title='bbox 1172 1767 1220 1804; x_wconf 90' lang='lat' dir='ltr'>ab</span> <span class='ocrx_word' id='word_1_200' title='bbox 1241 1767 1531 1805; x_wconf 85' lang='lat' dir='ltr'>Atheniensium</span> <span class='ocrx_word' id='word_1_201' title='bbox 1562 1769 1651 1805; x_wconf 68' lang='lat' dir='ltr'>civi-</span> 
     </span>
     <span class='ocr_line' id='line_1_24' title="bbox 145 1829 1639 1877; baseline 0 -8"><span class='ocrx_word' id='word_1_202' title='bbox 145 1833 224 1869; x_wconf 83' lang='lat' dir='ltr'>tate</span> <span class='ocrx_word' id='word_1_203' title='bbox 244 1830 441 1868; x_wconf 88' lang='lat' dir='ltr'>constituti</span> <span class='ocrx_word' id='word_1_204' title='bbox 469 1830 554 1875; x_wconf 90' lang='lat' dir='ltr'>(sed</span> <span class='ocrx_word' id='word_1_205' title='bbox 574 1830 725 1867; x_wconf 89' lang='lat' dir='ltr'>minime</span> <span class='ocrx_word' id='word_1_206' title='bbox 755 1841 800 1866; x_wconf 82' lang='lat' dir='ltr'>ex</span> <span class='ocrx_word' id='word_1_207' title='bbox 829 1841 906 1867; x_wconf 88' lang='lat' dir='ltr'>una</span> <span class='ocrx_word' id='word_1_208' title='bbox 933 1841 1083 1877; x_wconf 88' lang='lat' dir='ltr'>semper</span> <span class='ocrx_word' id='word_1_209' title='bbox 1104 1829 1312 1877; x_wconf 88' lang='lat' dir='ltr'>eademque</span> <span class='ocrx_word' id='word_1_210' title='bbox 1340 1835 1465 1877; x_wconf 76' lang='lat' dir='ltr'>gente,</span> <span class='ocrx_word' id='word_1_211' title='bbox 1497 1836 1537 1868; x_wconf 91' lang='lat' dir='ltr'>nt</span> <span class='ocrx_word' id='word_1_212' title='bbox 1566 1833 1639 1869; x_wconf 88' lang='lat' dir='ltr'>iam</span> 
     </span>
    </p>
   </div>
   <div class='ocr_carea' id='block_1_3' title="bbox 153 1928 424 1936">
    <p class='ocr_par' dir='ltr' id='par_1_4' title="bbox 153 1928 424 1936">
     <span class='ocr_line' id='line_1_25' title="bbox 153 1928 424 1936; baseline 0 0"><span class='ocrx_word' id='word_1_213' title='bbox 153 1928 424 1936; x_wconf 95' lang='lat' dir='ltr'> </span> 
     </span>
    </p>
   </div>
   <div class='ocr_carea' id='block_1_4' title="bbox 145 1986 1650 2885">
    <p class='ocr_par' dir='ltr' id='par_1_5' title="bbox 145 1986 1650 2885">
     <span class='ocr_line' id='line_1_26' title="bbox 241 1986 1646 2033; baseline 0.002 -11"><span class='ocrx_word' id='word_1_214' title='bbox 241 1990 303 2030; x_wconf 80' lang='lat'><strong>1⁴⁵)</strong></span> <span class='ocrx_word' id='word_1_215' title='bbox 328 1987 423 2022; x_wconf 90' lang='lat' dir='ltr'>Bull.</span> <span class='ocrx_word' id='word_1_216' title='bbox 448 1986 480 2021; x_wconf 90' lang='lat' dir='ltr'>d.</span> <span class='ocrx_word' id='word_1_217' title='bbox 500 1987 599 2022; x_wconf 87' lang='lat' dir='ltr'>Corr.</span> <span class='ocrx_word' id='word_1_218' title='bbox 624 1986 716 2021; x_wconf 88' lang='lat' dir='ltr'>Hell.</span> <span class='ocrx_word' id='word_1_219' title='bbox 736 1987 797 2030; x_wconf 82' lang='lat' dir='ltr'>XI,</span> <span class='ocrx_word' id='word_1_220' title='bbox 824 1998 856 2031; x_wconf 92' lang='lat' dir='ltr'>p.</span> <span class='ocrx_word' id='word_1_221' title='bbox 874 1989 951 2021; x_wconf 78' lang='lat'>262,</span> <span class='ocrx_word' id='word_1_222' title='bbox 1046 1988 1106 2028; x_wconf 70' lang='grc'>146)</span> <span class='ocrx_word' id='word_1_223' title='bbox 1132 1987 1332 2031; x_wconf 77' lang='lat' dir='ltr'>C.1.A.11‚</span> <span class='ocrx_word' id='word_1_224' title='bbox 1358 1991 1435 2033; x_wconf 75' lang='grc'>985,</span> <span class='ocrx_word' id='word_1_225' title='bbox 1460 1990 1585 2033; x_wconf 86' lang='lat' dir='ltr'>fragm.</span> <span class='ocrx_word' id='word_1_226' title='bbox 1606 1991 1646 2025; x_wconf 92' lang='lat' dir='ltr'>D.</span> 
     </span>
     <span class='ocr_line' id='line_1_27' title="bbox 145 2043 1550 2091; baseline 0 -9"><span class='ocrx_word' id='word_1_227' title='bbox 145 2046 210 2082; x_wconf 88' lang='lat' dir='ltr'>col.</span> <span class='ocrx_word' id='word_1_228' title='bbox 228 2045 256 2091; x_wconf 86' lang='lat' dir='ltr'>I,</span> <span class='ocrx_word' id='word_1_229' title='bbox 281 2045 341 2080; x_wconf 90' lang='lat' dir='ltr'>lin.</span> <span class='ocrx_word' id='word_1_230' title='bbox 359 2047 448 2080; x_wconf 87' lang='grc'>7-8</span> <span class='ocrx_word' id='word_1_231' title='bbox 473 2049 509 2079; x_wconf 89' lang='lat' dir='ltr'>et</span> <span class='ocrx_word' id='word_1_232' title='bbox 533 2043 575 2078; x_wconf 88' lang='lat' dir='ltr'>E.</span> <span class='ocrx_word' id='word_1_233' title='bbox 601 2043 666 2078; x_wconf 90' lang='lat' dir='ltr'>col.</span> <span class='ocrx_word' id='word_1_234' title='bbox 685 2044 710 2087; x_wconf 83' lang='lat'>1,</span> <span class='ocrx_word' id='word_1_235' title='bbox 737 2044 797 2078; x_wconf 92' lang='lat' dir='ltr'>lin.</span> <span class='ocrx_word' id='word_1_236' title='bbox 816 2046 915 2087; x_wconf 76' lang='lat'>5—6,</span> <span class='ocrx_word' id='word_1_237' title='bbox 947 2046 1082 2079; x_wconf 78' lang='lat'>47—48</span> <span class='ocrx_word' id='word_1_238' title='bbox 1108 2052 1143 2079; x_wconf 91' lang='lat' dir='ltr'>et</span> <span class='ocrx_word' id='word_1_239' title='bbox 1169 2045 1234 2080; x_wconf 94' lang='lat' dir='ltr'>col.</span> <span class='ocrx_word' id='word_1_240' title='bbox 1252 2045 1297 2088; x_wconf 85' lang='grc' dir='ltr'>ΙΙ,</span> <span class='ocrx_word' id='word_1_241' title='bbox 1325 2046 1384 2080; x_wconf 91' lang='lat' dir='ltr'>lin.</span> <span class='ocrx_word' id='word_1_242' title='bbox 1405 2049 1550 2082; x_wconf 75' lang='lat'>28—29.</span> 
     </span>
     <span class='ocr_line' id='line_1_28' title="bbox 238 2101 1650 2147; baseline 0.003 -11"><span class='ocrx_word' id='word_1_243' title='bbox 238 2103 300 2143; x_wconf 79' lang='lat'><strong>1⁴⁹¹)</strong></span> <span class='ocrx_word' id='word_1_244' title='bbox 325 2101 416 2136; x_wconf 90' lang='lat' dir='ltr'>Bull.</span> <span class='ocrx_word' id='word_1_245' title='bbox 443 2101 477 2136; x_wconf 89' lang='lat' dir='ltr'>d.</span> <span class='ocrx_word' id='word_1_246' title='bbox 502 2101 599 2136; x_wconf 87' lang='lat' dir='ltr'>Corr.</span> <span class='ocrx_word' id='word_1_247' title='bbox 622 2101 714 2137; x_wconf 86' lang='lat' dir='ltr'>Hell.</span> <span class='ocrx_word' id='word_1_248' title='bbox 740 2102 803 2145; x_wconf 77' lang='lat'>111,</span> <span class='ocrx_word' id='word_1_249' title='bbox 830 2113 862 2146; x_wconf 91' lang='lat' dir='ltr'>p.</span> <span class='ocrx_word' id='word_1_250' title='bbox 881 2105 1074 2137; x_wconf 78' lang='lat'>380—381.</span> <span class='ocrx_word' id='word_1_251' title='bbox 1253 2105 1312 2143; x_wconf 73' lang='lat'>¹48)</span> <span class='ocrx_word' id='word_1_252' title='bbox 1338 2104 1455 2147; x_wconf 85' lang='lat' dir='ltr'>Quare</span> <span class='ocrx_word' id='word_1_253' title='bbox 1482 2106 1588 2140; x_wconf 79' lang='lat' dir='ltr'>etiam</span> <span class='ocrx_word' id='word_1_254' title='bbox 1615 2107 1650 2140; x_wconf 93' lang='lat' dir='ltr'>in</span> 
     </span>
     <span class='ocr_line' id='line_1_29' title="bbox 146 2158 1650 2207; baseline 0.001 -11"><span class='ocrx_word' id='word_1_255' title='bbox 146 2160 250 2196; x_wconf 88' lang='lat' dir='ltr'>titulo</span> <span class='ocrx_word' id='word_1_256' title='bbox 282 2160 354 2194; x_wconf 81' lang='lat' dir='ltr'>iam</span> <span class='ocrx_word' id='word_1_257' title='bbox 385 2158 523 2204; x_wconf 85' lang='lat' dir='ltr'>pridem</span> <span class='ocrx_word' id='word_1_258' title='bbox 555 2159 600 2193; x_wconf 85' lang='lat' dir='ltr'>ab</span> <span class='ocrx_word' id='word_1_259' title='bbox 633 2159 811 2194; x_wconf 89' lang='lat' dir='ltr'>Homollio</span> <span class='ocrx_word' id='word_1_260' title='bbox 845 2159 939 2194; x_wconf 91' lang='lat' dir='ltr'>edito</span> <span class='ocrx_word' id='word_1_261' title='bbox 976 2160 1083 2197; x_wconf 70' lang='lat' dir='ltr'>‹Bull</span> <span class='ocrx_word' id='word_1_262' title='bbox 1119 2160 1150 2194; x_wconf 90' lang='lat' dir='ltr'>d.</span> <span class='ocrx_word' id='word_1_263' title='bbox 1179 2161 1276 2196; x_wconf 89' lang='lat' dir='ltr'>Corr.</span> <span class='ocrx_word' id='word_1_264' title='bbox 1303 2162 1394 2196; x_wconf 85' lang='lat' dir='ltr'>Hell.</span> <span class='ocrx_word' id='word_1_265' title='bbox 1422 2163 1491 2198; x_wconf 87' lang='grc' dir='ltr'><strong>ΙΙΙ.</strong></span> <span class='ocrx_word' id='word_1_266' title='bbox 1519 2175 1551 2207; x_wconf 88' lang='lat' dir='ltr'>p.</span> <span class='ocrx_word' id='word_1_267' title='bbox 1569 2166 1650 2202; x_wconf 70' lang='lat'><strong>379)</strong></span> 
     </span>
     <span class='ocr_line' id='line_1_30' title="bbox 153 2216 1649 2263; baseline 0.003 -11"><span class='ocrx_word' id='word_1_268' title='bbox 153 2217 222 2253; x_wconf 88' lang='lat' dir='ltr'>hoc</span> <span class='ocrx_word' id='word_1_269' title='bbox 247 2217 384 2262; x_wconf 79' lang='grc' dir='ltr'><em>ἱερείας</em></span> <span class='ocrx_word' id='word_1_270' title='bbox 407 2227 534 2252; x_wconf 88' lang='lat' dir='ltr'>nomen</span> <span class='ocrx_word' id='word_1_271' title='bbox 560 2216 797 2261; x_wconf 89' lang='lat' dir='ltr'>supplendum</span> <span class='ocrx_word' id='word_1_272' title='bbox 824 2217 910 2251; x_wconf 90' lang='lat' dir='ltr'>mihi</span> <span class='ocrx_word' id='word_1_273' title='bbox 936 2217 1076 2252; x_wconf 81' lang='lat' dir='ltr'>videtur</span> <span class='ocrx_word' id='word_1_274' title='bbox 1102 2219 1267 2263; x_wconf 86' lang='lat' dir='ltr'>(primam</span> <span class='ocrx_word' id='word_1_275' title='bbox 1285 2226 1423 2254; x_wconf 79' lang='lat' dir='ltr'>tantum</span> <span class='ocrx_word' id='word_1_276' title='bbox 1449 2221 1649 2256; x_wconf 81' lang='lat' dir='ltr'>columnam</span> 
     </span>
     <span class='ocr_line' id='line_1_31' title="bbox 147 2274 1464 2322; baseline 0.002 -12"><span class='ocrx_word' id='word_1_277' title='bbox 147 2274 330 2320; x_wconf 87' lang='lat' dir='ltr'>perscribo</span> <span class='ocrx_word' id='word_1_278' title='bbox 354 2274 524 2309; x_wconf 88' lang='lat' dir='ltr'>Homollii</span> <span class='ocrx_word' id='word_1_279' title='bbox 550 2274 807 2319; x_wconf 88' lang='lat' dir='ltr'>supplementis</span> <span class='ocrx_word' id='word_1_280' title='bbox 834 2285 897 2319; x_wconf 88' lang='lat' dir='ltr'>pro</span> <span class='ocrx_word' id='word_1_281' title='bbox 924 2276 1031 2310; x_wconf 77' lang='lat' dir='ltr'>certis</span> <span class='ocrx_word' id='word_1_282' title='bbox 1057 2276 1092 2310; x_wconf 88' lang='lat' dir='ltr'>in</span> <span class='ocrx_word' id='word_1_283' title='bbox 1118 2283 1254 2311; x_wconf 79' lang='lat' dir='ltr'>textum</span> <span class='ocrx_word' id='word_1_284' title='bbox 1280 2279 1464 2322; x_wconf 52' lang='lat' dir='ltr'>receptisa</span> 
     </span>
     <span class='ocr_line' id='line_1_32' title="bbox 654 2329 1010 2377; baseline 0.003 -12"><span class='ocrx_word' id='word_1_285' title='bbox 654 2329 827 2377; x_wconf 74' lang='grc' dir='ltr'><em>Φιλίππην</em></span> <span class='ocrx_word' id='word_1_286' title='bbox 857 2330 1010 2377; x_wconf 77' lang='grc' dir='ltr'><em>Μηδείου</em></span> 
     </span>
     <span class='ocr_line' id='line_1_33' title="bbox 654 2386 1069 2434; baseline 0.005 -13"><span class='ocrx_word' id='word_1_287' title='bbox 654 2386 853 2433; x_wconf 77' lang='grc' dir='ltr'><em>Πειραιέως</em></span> <span class='ocrx_word' id='word_1_288' title='bbox 881 2391 1069 2434; x_wconf 64' lang='grc' dir='ltr'><em>θυγατέρα</em></span> 
     </span>
     <span class='ocr_line' id='line_1_34' title="bbox 653 2446 1088 2492; baseline 0 -13"><span class='ocrx_word' id='word_1_289' title='bbox 653 2447 672 2479; x_wconf 85' lang='grc' dir='ltr'><strong><em>ὖ</em></strong></span> <span class='ocrx_word' id='word_1_290' title='bbox 698 2446 817 2491; x_wconf 80' lang='grc' dir='ltr'><em>πατὴρ</em></span> <span class='ocrx_word' id='word_1_291' title='bbox 843 2447 898 2479; x_wconf 73' lang='grc' dir='ltr'>καὶ</span> <span class='ocrx_word' id='word_1_292' title='bbox 922 2448 944 2492; x_wconf 81' lang='grc' dir='ltr'><em>ἡ</em></span> <span class='ocrx_word' id='word_1_293' title='bbox 965 2448 1088 2492; x_wconf 78' lang='grc' dir='ltr'><em>μήτηρ</em></span> 
     </span>
     <span class='ocr_line' id='line_1_35' title="bbox 660 2501 1004 2544; baseline 0.006 -7"><span class='ocrx_word' id='word_1_294' title='bbox 660 2501 817 2544; x_wconf 64' lang='grc' dir='ltr'><em>Τιμονῖέα</em></span> <span class='ocrx_word' id='word_1_295' title='bbox 845 2502 1004 2539; x_wconf 76' lang='grc' dir='ltr'><em>Γλαύκου</em></span> 
     </span>
     <span class='ocr_line' id='line_1_36' title="bbox 656 2558 1050 2607; baseline 0.003 -13"><span class='ocrx_word' id='word_1_296' title='bbox 656 2558 855 2605; x_wconf 84' lang='grc' dir='ltr'><em>Πειραιέως</em></span> <span class='ocrx_word' id='word_1_297' title='bbox 882 2563 1050 2607; x_wconf 65' lang='grc' dir='ltr'><em>θυγάτηρ</em></span> 
     </span>
     <span class='ocr_line' id='line_1_37' title="bbox 657 2619 1103 2664; baseline 0.004 -13"><span class='ocrx_word' id='word_1_298' title='bbox 657 2619 965 2664; x_wconf 75' lang='grc' dir='ltr'><em>κανηφορήσασαν</em></span> <span class='ocrx_word' id='word_1_299' title='bbox 994 2620 1103 2664; x_wconf 72' lang='grc' dir='ltr'><em>Δήλια</em></span> 
     </span>
     <span class='ocr_line' id='line_1_38' title="bbox 657 2675 1134 2723; baseline 0.002 -15"><span class='ocrx_word' id='word_1_300' title='bbox 657 2675 729 2721; x_wconf 74' lang='grc' dir='ltr'>[καὶ</span> <span class='ocrx_word' id='word_1_301' title='bbox 754 2676 909 2722; x_wconf 78' lang='grc' dir='ltr'><em>ἱέρειαν]</em></span> <span class='ocrx_word' id='word_1_302' title='bbox 935 2680 1134 2723; x_wconf 74' lang='grc' dir='ltr'><em>γενομένην</em></span> 
     </span>
     <span class='ocr_line' id='line_1_39' title="bbox 656 2730 1117 2779; baseline 0.004 -13"><span class='ocrx_word' id='word_1_303' title='bbox 656 2730 898 2779; x_wconf 68' lang='grc' dir='ltr'>[Ἀρτέμιδος]</span> <span class='ocrx_word' id='word_1_304' title='bbox 927 2733 1117 2769; x_wconf 72' lang='grc' dir='ltr'><em>Ἀπόλλωνι.</em></span> 
     </span>
     <span class='ocr_line' id='line_1_40' title="bbox 651 2789 983 2835; baseline 0.003 -12"><span class='ocrx_word' id='word_1_305' title='bbox 651 2789 840 2834; x_wconf 77' lang='grc' dir='ltr'><em>Ἀρτέμιδι.</em></span> <span class='ocrx_word' id='word_1_306' title='bbox 869 2791 983 2835; x_wconf 73' lang='grc' dir='ltr'><em>Λητοῖ.</em></span> 
     </span>
     <span class='ocr_line' id='line_1_41' title="bbox 1315 2854 1372 2885; baseline 0 0"><span class='ocrx_word' id='word_1_307' title='bbox 1315 2854 1372 2885; x_wconf 73' lang='grc' dir='ltr'>Η·</span> 
     </span>
    </p>
   </div>
  </div>
 </body>
</html>
