1957 3326
884 329 1160 370 -93-

278 451 606 502 ἀγωνιζωνται,”)
641 463 753 500 quem
786 453 937 490 titulum
966 453 1180 491 Homouius
1209 465 1229 491 e
1257 453 1471 501 scripturae
1499 453 1626 493 indole
1653 453 1770 493 credo

278 520 371 559 (non
400 517 498 554 enim
537 520 649 554 notus
679 521 738 554 est
765 517 1012 564 Thrasycles)
1045 517 1199 555 exeunti
1228 517 1382 555 saeculo
1410 514 1524 556 tertio
1553 516 1769 566 adscripsit.

278 579 336 617 De
365 580 449 618 loco
479 591 562 617 cum
592 581 776 618 incertum
807 581 868 626 sit,
897 580 1007 618 valde
1036 580 1238 628 probabile
1259 579 1410 618 videtur
1437 580 1506 619 hos
1535 579 1646 618 ludos
1673 580 1772 619 cele-

279 641 411 680 bratos
450 654 534 681 esse
562 642 668 690 Deli,
697 643 762 681 ubi
790 642 986 681 decretum
1015 645 1255 692 propositum
1292 647 1376 682 erat
1404 655 1450 682 ac
1477 644 1683 692 synedrion
1711 655 1772 683 so-

279 705 437 751 ciorum,
466 709 509 742 ut
537 716 655 753 supra
683 705 824 743 dictum
855 709 924 752 est,
954 706 1081 744 sedem
1111 718 1218 745 suam
1247 706 1426 744 habebat.

380 767 541 806 Praeter
577 768 762 815 synedros
799 781 913 807 unum
958 771 1072 808 etiam
1119 771 1384 817 magistratum
1420 770 1592 807 novimus
1628 769 1772 808 insula-

275 841 410 868 norum
440 831 656 878 societatis,
686 832 750 879 qui
780 832 969 870 nesiarchi
998 834 1148 870 nomine
1178 832 1414 879 appellatur,
1443 831 1512 870 sed
1539 831 1587 870 de
1615 842 1771 871 munere

276 894 358 931 eius
387 893 481 931 nihil
509 894 672 941 amplius
702 893 775 931 dici
811 898 956 941 potest,
987 895 1060 931 nisi
1089 894 1208 932 videri
1244 894 1396 942 quidem
1425 895 1509 942 ipso
1537 895 1688 933 nomine
1715 895 1771 933 in-

275 955 396 994 dicari
433 967 551 1004 penes
586 967 669 993 eum
707 967 890 994 summam
931 956 1048 994 fuisse
1091 968 1217 994 rerum
1254 958 1373 995 totius
1411 957 1620 995 societatis.
1675 956 1772 996 Sunt

276 1030 384 1065 vero,
421 1031 519 1067 quae
555 1020 749 1066 reputanti
783 1019 874 1056 mihi
909 1020 1129 1068 scrupulum
1165 1021 1335 1058 iniciant.
1396 1020 1493 1058 Tres
1526 1021 1772 1060 nominantur

275 1082 345 1119 viri
374 1082 412 1119 in
442 1082 565 1120 titulis
602 1082 674 1120 hoc
707 1093 864 1120 munere
893 1081 1031 1120 functi:
1078 1083 1258 1121 Bacchon
1285 1083 1345 1121 vel
1373 1082 1615 1122 Bacchontas
1642 1083 1770 1122 Niceti

275 1143 313 1191 f.‚
343 1145 407 1193 qui
435 1150 524 1183 ante
553 1145 759 1193 Hypsoclis
789 1146 983 1183 archontis
1012 1157 1152 1184 annum
1183 1148 1289 1190 (279)
1318 1145 1543 1184 nesiarchus
1571 1145 1690 1185 fuisse
1718 1147 1772 1184 vi-

275 1206 387 1244 detur
415 1211 453 1244 et
487 1211 615 1246 statua
650 1207 698 1246 ab
727 1208 913 1246 insulanis
949 1207 1158 1246 honoratus
1197 1207 1324 1255 est‚¹⁹)
1360 1208 1618 1257 Apollodorus
1653 1210 1772 1258 Apol-

273 1269 365 1308 lonii
393 1268 489 1315 f.,²0)
525 1272 634 1308 cuius
669 1282 806 1309 nomen
840 1276 882 1309 ut
917 1271 1102 1309 debitoris
1131 1272 1170 1308 in
1205 1271 1499 1319 hieropoeorum
1537 1272 1770 1311 deliacorum

273 1333 415 1371 tabulis
445 1338 573 1372 exstat
601 1334 671 1372 hoc
706 1335 789 1382 ipso
825 1346 925 1373 anno
960 1335 1113 1382 scriptis
1142 1336 1285 1383 quique
1320 1336 1474 1373 civitate
1503 1335 1617 1373 etiam
1645 1347 1668 1374 a
1695 1335 1772 1374 De·

272 1395 334 1433 liis
369 1395 534 1435 donatus
577 1396 708 1444 est‚21)
745 1397 923 1435 Hermias
961 1399 1025 1446 qui
1068 1398 1239 1446 Diogene
1275 1398 1459 1437 archonte
1495 1400 1603 1445 (197)
1637 1396 1772 1448 φιάλην

273 1461 446 1508 Apollini
476 1461 624 1499 dicasse
647 1459 862 1507 dieitur;22)
893 1462 1033 1509 quarti,
1062 1461 1122 1499 cui
1152 1462 1242 1499 item
1263 1465 1391 1500 statua
1410 1460 1458 1499 ab
1477 1461 1664 1499 insulanis
1683 1461 1772 1499 Deli

272 1525 400 1572 posita
434 1528 535 1571 erat,
570 1536 707 1562 nomen
741 1525 814 1572 legi
850 1536 924 1562 non
959 1522 1156 1572 potest.²³)
1210 1525 1338 1572 Atque
1370 1525 1486 1562 trium
1514 1523 1666 1562 illorum
1693 1525 1771 1572 pri-

271 1598 354 1625 mus
383 1592 442 1625 est
469 1587 670 1634 Boeotius,
700 1588 890 1626 secundus
920 1587 1149 1636 Cyzicenus,
1185 1589 1323 1626 tertius
1353 1587 1546 1634 Rhodius3
1574 1586 1650 1626 duo
1678 1597 1769 1635 ergo

273 1662 293 1688 e
320 1651 541 1689 civitatibus
570 1651 720 1688 oriundi
750 1656 856 1698 sunt,
893 1663 990 1699 quae
1026 1652 1221 1689 societatis
1249 1651 1512 1689 insulanorum
1540 1651 1623 1689 sine
1651 1649 1768 1688 dubio

271 1714 481 1761 participes
518 1725 593 1751 non
630 1714 802 1752 fuerunt:
838 1714 1027 1762 quomodo
1063 1715 1181 1762 igitur
1220 1725 1365 1752 summo
1401 1714 1629 1762 magistratu
1662 1711 1768 1761 fungi

271 1780 497 1824 potuerunt,
535 1788 619 1814 cum
654 1778 754 1815 cives
791 1789 865 1816 non
901 1777 1057 1816 essent?
1101 1778 1206 1824 Quae
1243 1775 1448 1815 difficultas
1483 1775 1657 1824 expediri
1692 1787 1767 1814 non

270 1850 385 1887 posse
426 1839 578 1878 videtur
611 1841 682 1878 nisi
717 1841 788 1887 ita,
822 1844 865 1878 ut
893 1841 1123 1879 coniciamus
1158 1839 1274 1878 fuisse
1304 1843 1342 1878 et
1374 1851 1511 1878 munus
1538 1839 1701 1877 militare
1730 1841 1769 1877 et

272 1902 515 1940 nesiarchum
535 1903 771 1951 praefectum
799 1905 987 1942 sociorum
1008 1904 1148 1951 copiis:
1179 1914 1264 1941 cum
1293 1904 1392 1941 enim
1412 1902 1515 1941 bella
1541 1902 1613 1941 hac
1640 1905 1768 1941 aetate

270 1966 344 2004 iam
381 1978 456 2004 non
492 1978 562 2014 per
598 1968 733 2004 civium
771 1968 960 2005 exercitus
994 1971 1238 2015 gererentur,
1275 1965 1342 2004 sed
1377 1966 1543 2004 maxima
1575 1977 1623 2004 ex
1655 1968 1767 2014 parte

275 2030 625 2067 mercennariorum
660 2031 775 2068 armis
808 2031 1154 2077 committerentur,
1189 2029 1330 2068 factum
1364 2033 1439 2077 est,
1467 2033 1511 2067 ut
1537 2039 1685 2067 summa
1711 2029 1767 2068 rei

270 2093 449 2130 militaris
479 2092 526 2130 ad
557 2104 686 2130 eorum
714 2092 894 2131 ductores
914 2092 1139 2138 deferretur,
1169 2094 1260 2141 quia
1287 2093 1398 2131 electi
1432 2093 1627 2131 civitatum
1655 2102 1767 2140 prae-

270 2160 375 2194 tores
404 2157 451 2193 iis
480 2158 715 2204 contemptui
751 2161 872 2195 erant.
919 2157 1005 2194 Non
1040 2168 1185 2204 vereor,
1215 2168 1262 2194 ne
1288 2157 1373 2204 quis
1399 2155 1492 2193 mihi
1519 2155 1664 2194 obiciat
1690 2158 1766 2194 sta·

268 2223 355 2257 tuas
393 2219 566 2266 aliosque
603 2219 768 2257 honores
803 2220 848 2256 iis
886 2219 1032 2257 tributa
1067 2223 1185 2267 atque
1221 2219 1415 2257 civitatem
1443 2217 1680 2266 Apollodoro
1708 2217 1765 2256 illi

268 2293 291 2320 a
318 2281 440 2319 Deliis
469 2281 614 2319 datam:
652 2283 736 2330 quis
772 2284 870 2319 enim
906 2283 1028 2320 nescit
1056 2286 1094 2320 et
1121 2283 1215 2320 haec
1249 2282 1377 2320 omnia
1409 2286 1448 2320 et
1474 2282 1621 2320 maiora
1649 2281 1764 2320 etiam

269 2344 357 2382 inde
387 2356 409 2382 a
438 2343 657 2382 Charidemi
686 2344 912 2383 nobilissimi
941 2346 1292 2383 mercennariorum
1321 2344 1492 2383 ductoris
1525 2348 1698 2393 tempore
1726 2344 1765 2382 in

269 2409 366 2447 tales
388 2408 560 2445 homines
581 2409 721 2446 collata
741 2420 1018 2456 saepenumero
1040 2419 1194 2446 carcere
1215 2409 1343 2456 potius
1363 2412 1401 2446 et
1419 2407 1580 2446 vinculis
1600 2405 1763 2456 dignos?

269 2472 369 2519 Quin
399 2473 512 2510 etiam
535 2471 760 2520 Apollodori
791 2473 912 2520 ipsius
940 2483 1033 2510 avus
1055 2472 1289 2520 cognominis
1309 2471 1546 2510 Athenarum
1575 2469 1764 2510 classibus

358 2610 404 2652 ¹⁸)
428 2609 520 2644 Bull.
547 2609 579 2643 d.
606 2609 703 2644 Corr.
732 2608 823 2643 11ell.
850 2608 909 2652 lv,
936 2620 968 2653 p.
994 2610 1071 2644 323.
1193 2608 1237 2650 ι9)
1263 2606 1427 2642 Homolle
1455 2605 1650 2642 »Archives
1673 2610 1761 2642 etos

266 2679 299 2713 p.
317 2671 371 2711 45,
396 2672 467 2702 not.
491 2670 518 2702 1.
656 2667 703 2709 2υ)
728 2666 764 2701 C.
782 2666 807 2700 1.
823 2667 864 2700 G.
890 2668 989 2701 3655.
1137 2665 1184 2708 ²¹)
1208 2664 1372 2699 Homolle
1399 2662 1584 2709 »Rapport
1607 2674 1670 2700 sur
1693 2673 1762 2699 une

265 2725 410 2760 mission
437 2724 734 2768 archeologique-
764 2736 796 2768 p.
823 2727 877 2767 28,
903 2735 935 2758 n.
961 2726 992 2759 8.
1103 2722 1150 2767 2²)
1175 2722 1317 2757 Demar.
1343 2721 1439 2757 arch.
1466 2721 1598 2757 invent.
1624 2720 1684 2757 lin.
1701 2722 1762 2758 ⁷1:

264 2783 357 2819 Bull.
383 2782 415 2818 d.
442 2782 540 2818 Corr.
567 2782 659 2818 Hcll.
687 2782 746 2827 Vl,
773 2793 805 2827 p.
831 2784 874 2818 37
1046 2781 1093 2823 2³)
1117 2780 1209 2816 Bull.
1236 2779 1269 2815 d.
1295 2779 1392 2815 Corr.
1419 2778 1512 2816 Heu.
1538 2778 1602 2826 XI,
1626 2789 1660 2825 p.
1684 2780 1762 2815 248.
