1979 3326
736 322 1038 363 —137—

146 450 371 499 Propylaeis
387 447 708 494 exstruendis‚1⁰⁶)
725 446 920 486 moenibus
936 447 1041 484 urbis
1057 445 1341 489 sarciendis¹0⁷)
1357 445 1506 492 singula
1519 455 1629 492 prae-

146 513 263 552 fuisse
292 513 430 551 scimus
451 514 669 549 curatorum
697 510 868 558 collegia.
911 509 998 546 Deli
1027 509 1178 556 quidem
1199 509 1265 546 illa
1284 509 1323 545 in
1341 520 1413 545 usu
1432 507 1548 545 fuisse
1577 507 1630 544 vi-

145 576 269 623 detur,
291 579 473 624 quantum
489 573 642 622 quidem
661 573 831 611 iudicare
851 573 940 610 licet
956 583 1002 609 ex
1021 571 1092 609 hoc
1107 571 1310 619 Hypsoclis
1330 571 1518 608 rationum
1534 570 1629 615 loco,

145 639 195 678 ab
209 638 401 677 Homollio
416 638 532 676 allato
542 650 548 674 :
558 636 623 684 ¹⁰⁸)
644 634 738 673 τάδε
754 632 850 685 ἔργα
865 631 1113 684 ἐξεόώκαμεν
1128 634 1338 682 (hieropoei
1355 633 1514 672 scilicet)
1532 630 1632 668 κατὰ

148 700 194 739 τὸ
223 699 397 752 ψήφισμα
424 699 492 737 τοῦ
520 698 640 750 δήμου
666 697 767 747 μετὰ
795 697 864 734 τοῦ
893 696 1168 747 ἀρχιτέκτονος
1196 695 1261 732 καὶ
1287 696 1363 732 τῶν
1389 693 1632 744 ἐπιμελητῶν,

147 761 217 806 οὓς
243 762 367 800 εἵλετο
395 762 417 801 ὃ
446 762 580 813 δῆμος.
637 763 874 810 Quamquam
901 772 948 798 ne
977 760 1038 798 hic
1066 760 1218 808 quidem
1247 760 1353 798 locus
1383 760 1475 796 satis
1504 759 1630 796 clarus

148 830 222 865 est:
257 831 386 875 potest
413 827 511 864 enim
539 829 606 864 aut
632 825 801 872 intellegi
829 820 1068 873 ἐπιμεληταῖς
1095 821 1322 870 quibusdam
1352 822 1516 860 omnium
1546 833 1633 868 ope-

148 901 244 937 rum,
274 901 371 938 quae
400 900 444 927 eo
473 900 572 927 anno
599 887 796 927 faciendae
825 889 964 931 essent,
994 896 1122 923 curam
1143 886 1382 923 commissam
1410 889 1476 922 aut
1503 883 1635 931 populi

150 953 198 991 de
225 964 384 1001 operum
411 952 602 990 locatione
631 950 784 989 decreto
814 949 964 996 singula
993 948 1122 986 delata
1149 959 1232 986 esse
1267 948 1426 995 singulis
1454 947 1634 994 collegiis.

149 1017 275 1063 Atque
295 1015 366 1054 hoc
384 1026 431 1053 ne
454 1014 695 1053 verisimilius
714 1017 902 1061 putemus,
935 1012 1037 1060 quod
1055 1011 1172 1050 verba
1199 1012 1265 1050 illa
1295 1009 1537 1061 ἐπιμελητῶν,
1568 1007 1636 1051 οὓς

150 1077 274 1116 εἵλετο
302 1077 324 1114 ὁ
351 1076 481 1128 δῆμος,
510 1078 623 1116 aliter
651 1078 684 1115 si
710 1076 836 1122 fuerit,
867 1087 1002 1114 vanum
1031 1079 1145 1123 atque
1173 1075 1307 1113 inutile
1335 1075 1636 1113 additamentum

149 1141 352 1180 videantur
379 1163 429 1168 —
455 1141 641 1179 neminem
678 1140 777 1178 enim
813 1139 991 1177 dubitare
1019 1140 1210 1186 potuisse,
1247 1139 1338 1186 quin
1366 1149 1441 1176 non
1476 1149 1544 1175 suo
1572 1140 1636 1174 aut

149 1205 443 1252 hieropoeorum
471 1203 649 1250 arbitrio,
684 1202 752 1241 sed
779 1203 911 1251 populi
939 1203 1168 1240 auctoritate
1197 1205 1325 1240 essent
1353 1201 1548 1240 constituti
1576 1222 1638 1247 —‚

151 1267 338 1306 verbosae
372 1267 587 1315 prolixitati
619 1268 817 1305 titulorum
852 1266 964 1304 huius
993 1266 1132 1304 aetatis
1168 1277 1215 1303 ne
1243 1266 1398 1302 nimium
1426 1264 1638 1302 tribuamus

150 1329 359 1369 cavendum
388 1341 472 1368 esse
499 1334 661 1369 constat.
704 1330 864 1378 Quoquo
893 1334 1022 1368 autem
1054 1328 1165 1367 modo
1192 1340 1254 1366 res
1284 1339 1324 1366 se
1351 1328 1479 1374 habet,
1508 1337 1640 1365 conce-

152 1393 317 1432 dendum
353 1397 413 1432 est
447 1392 559 1432 facile
595 1394 747 1432 evenire
782 1393 974 1441 potuisse,
1010 1396 1054 1430 ut
1087 1388 1304 1442 ἐπιμεληταὶ
1341 1391 1478 1430 deliaci
1511 1390 1550 1427 in
1583 1393 1641 1427 tot

152 1455 336 1496 aedificiis
364 1457 484 1495 sacris
520 1456 779 1504 publicisque,
817 1455 955 1504 quibus
985 1459 1023 1493 et
1050 1453 1208 1504 τέμενος
1245 1453 1306 1492 dei
1335 1458 1372 1492 et
1409 1458 1490 1492 tota
1516 1452 1641 1491 insula

155 1523 240 1558 erat
266 1517 426 1565 referta,
460 1517 572 1556 modo
608 1517 848 1556 exstruendis
885 1516 998 1555 modo
1028 1516 1236 1554 sarciendis
1266 1519 1375 1565 quasi
1403 1518 1488 1566 ipsa
1514 1527 1641 1553 rerum

157 1586 298 1621 natura
330 1593 350 1620 e
384 1581 673 1630 magistratibus
709 1580 1043 1627 extraordinariis,
1087 1581 1151 1628 qui
1187 1591 1258 1628 pro
1292 1582 1521 1619 necessitate
1557 1590 1643 1617 con-

155 1647 423 1697 stituerentur,
455 1643 592 1683 fierent
619 1644 822 1692 ordinarii,
851 1656 936 1682 cum
963 1656 1194 1692 unoquoque
1224 1655 1323 1682 auno
1351 1655 1512 1682 necesse
1543 1645 1643 1680 esset

155 1708 345 1758 quaedam
381 1707 586 1747 aedificari.
641 1708 725 1755 Qua
757 1711 885 1746 tamen
912 1719 953 1746 re
987 1708 1232 1755 magistratus
1267 1707 1379 1745 huius
1406 1710 1545 1744 natura
1579 1705 1645 1741 mi-

155 1773 257 1810 nime
285 1772 507 1810 immutatur
534 1782 694 1820 meoque
722 1772 804 1809 iure
832 1769 967 1809 fecisse
996 1771 1086 1808 mihi
1112 1770 1261 1816 videor,
1291 1769 1393 1818 quod
1420 1769 1518 1806 hanc
1548 1777 1646 1804 com-

157 1836 406 1874 mutationem
433 1834 632 1873 fortuitam
652 1838 712 1878 (ut
731 1835 781 1872 sit
799 1845 935 1872 revera
954 1833 1071 1878 facta)
1102 1833 1252 1881 neglexi
1280 1837 1394 1880 atque
1423 1831 1645 1879 epimeletas

159 1899 263 1936 inter
289 1898 535 1946 magistratus
556 1901 666 1935 extra
694 1897 863 1936 ordinem
884 1900 1033 1935 creatos
1061 1897 1202 1941 rettuli,
1230 1896 1293 1934 hic
1312 1895 1553 1944 praesertim,
1582 1892 1648 1930 ubi

158 1961 292 2000 divisio
321 1964 403 2000 tota
430 1961 708 1999 commoditatis
729 1966 877 1999 tantum
905 1972 1021 1999 causa
1040 1961 1216 1998 instituta
1244 1961 1303 1998 sit.
1350 1960 1408 1997 An
1437 1957 1646 2006 periculum

159 2028 263 2072 erat,
299 2035 347 2063 ne
382 2023 681 2063 labefactaretur
715 2024 808 2063 ordo
843 2025 1078 2072 reipublicae
1114 2024 1303 2070 deliacae‚
1340 2024 1371 2060 si
1400 2033 1469 2070 per
1504 2020 1648 2067 aliquot

159 2088 272 2127 etiam
300 2099 420 2126 annos
449 2098 567 2135 opera
592 2087 698 2126 nulla
724 2087 876 2136 publice
904 2086 1048 2126 fiebant
1075 2087 1238 2135 ideoque
1267 2099 1314 2125 ne
1341 2089 1539 2124 curat-ores
1568 2084 1649 2131 qui-

159 2150 245 2190 dem
280 2160 410 2189 eorum
446 2150 710 2199 eligebantur?
764 2151 816 2189 At
849 2151 1041 2190 archontis
1075 2150 1136 2188 vel
1169 2150 1459 2198 hieropoeorum
1494 2158 1649 2184 munere

161 2214 313 2253 sublato
350 2213 410 2252 vel
438 2214 552 2252 etiam
580 2225 894 2262 agoranomorum
924 2218 1162 2252 mercaturae
1190 2213 1314 2251 bonae
1349 2211 1437 2249 fidei
1467 2210 1649 2248 securita—

159 2277 266 2326 tique
284 2276 436 2325 publice
455 2276 747 2325 providentium,
777 2278 868 2325 quin
887 2280 967 2314 tota
987 2276 1222 2324 reipublicae
1244 2275 1446 2322 disciplina
1474 2272 1644 2310 funditus

161 2343 264 2379 esset
289 2351 434 2386 eversa,
462 2351 537 2378 non
566 2343 624 2378 est
651 2339 820 2378 dubium.
866 2340 951 2378 Hoc
977 2343 1070 2388 puto
1098 2340 1199 2376 inter
1226 2339 1472 2386 magistratus
1501 2335 1651 2374 ordina-

160 2403 240 2442 rios
267 2406 384 2451 atque
412 2403 738 2442 extraordinarios
766 2403 970 2441 discrimen
1000 2414 1096 2449 esse,
1125 2413 1201 2440 non
1228 2400 1334 2447 illud,
1364 2401 1489 2438 sintne
1518 2409 1650 2437 revera

162 2467 365 2516 quotannis
393 2467 513 2505 creati
540 2477 590 2505 an
617 2477 704 2505 non.

264 2529 385 2568 Simili
411 2528 491 2568 fere
511 2540 665 2568 munere
692 2529 870 2567 videntur
890 2527 1010 2567 functi
1036 2528 1301 2578 μάρτυρες,
1331 2529 1395 2576 qui
1415 2525 1654 2574 eligebantur

164 2603 188 2632 a
212 2592 346 2641 populi
373 2593 570 2640 contione,
598 2596 642 2630 ut
667 2604 744 2631 una
772 2603 855 2630 cum
885 2591 1170 2640 magistratibus
1199 2590 1377 2629 adessent
1406 2591 1444 2627 in
1473 2587 1652 2636 operibus

257 2729 319 2772 ¹⁰⁶)
342 2729 380 2764 C.
395 2729 422 2764 1.
436 2733 479 2764 A.
507 2729 534 2772 Ι,
558 2731 749 2765 314—315.
890 2729 950 2769 ¹⁰⁷)
976 2728 1012 2763 C.
1028 2728 1054 2762 1.
1069 2728 1112 2762 A.
1139 2727 1183 2771 ΙΙ,
1213 2729 1285 2763 167.
1418 2727 1478 2767 ¹⁰⁸)
1506 2724 1595 2759 Bull.
1623 2724 1655 2758 d.

166 2787 263 2823 Corr.
289 2786 382 2822 Heli.
407 2786 467 2831 Vl,
493 2797 526 2831 p.
544 2788 599 2831 78,
625 2792 696 2821 not.
720 2790 749 2820 l:
788 2785 955 2831 Hypsocl.
983 2785 1078 2820 arch.
1106 2791 1172 2819 rat.
1199 2784 1259 2818 lin.
1285 2788 1339 2817 44.
