1979 3326
787 326 1099 367 —165—

191 448 304 494 4¹¹l12
323 448 422 488 obol.
451 461 655 488 usurarum
691 451 844 488 nomine
873 450 921 488 ab
955 450 1173 498 hieropoeis
1202 454 1403 498 acceptae:
1449 450 1512 488 hic
1541 454 1601 488 est
1632 450 1699 498 qui

192 524 213 551 e
240 512 413 560 pecuniis
441 511 504 550 dei
532 511 679 550 foenori
708 512 807 551 datis
837 524 972 551 revera
997 512 1113 550 rediit
1137 512 1285 550 fructus
1306 512 1472 550 Demare
1501 513 1699 551 archonte.

192 574 269 614 Sed
294 575 370 613 iam
399 575 478 613 dixi
505 575 568 613 hic
594 576 721 614 inesse
749 575 940 613 interdum
970 587 1108 613 usuras
1136 577 1271 622 trium,
1307 580 1508 623 quattuor,
1549 580 1701 623 septem

191 648 379 676 annorum
406 650 484 676 una
510 639 696 686 pensione
725 638 942 685 absolutas,
973 649 1133 686 quarum
1164 638 1344 676 videlicet
1371 638 1505 684 tertia,
1546 642 1700 686 quarta,

191 700 355 748 septima
380 712 472 748 pars
499 704 649 739 tantum
679 705 739 739 est
766 700 956 739 reditibus
983 702 1120 739 annuis
1148 700 1455 739 adnumeranda:
1486 701 1611 739 omnia
1634 700 1699 737 de-

191 762 308 810 nique
338 763 370 800 si
399 774 657 810 segregamus,
687 774 784 810 quae
813 774 888 801 non
916 775 987 811 pro
1016 764 1100 810 ipso
1130 763 1202 801 hoc
1231 775 1332 802 anno
1361 775 1483 811 pensa
1506 763 1699 809 dicuntur,

190 827 340 863 restant
368 829 440 863 421
463 825 520 863 dr.
549 825 635 868 ¹¹l12
654 825 754 864 obol.
811 825 919 864 Haec
947 830 1050 863 certe
1079 837 1226 864 summa
1255 827 1380 864 minor
1400 831 1457 864 est
1478 824 1700 864 addendae—

192 899 266 936 que
295 891 384 925 sunt
411 898 551 925 usurae
580 898 657 925 non
686 888 834 925 solutae
863 899 886 926 a
911 888 1106 926 nonnullis
1127 887 1381 935 debitoribus,
1413 899 1573 936 quorum
1598 898 1696 935 quae

190 950 231 988 in
259 953 431 988 extrema
457 950 592 988 tabula
617 951 835 998 perscripta
865 954 975 988 erant
1004 950 1228 997 nomina,⁵⁰)
1257 955 1334 989 tam
1365 955 1454 988 sunt
1482 950 1627 995 mutila,
1656 953 1699 987 ut

191 1012 286 1050 nihil
313 1011 394 1050 fere
421 1013 497 1060 legi
531 1014 672 1060 possit:
706 1014 746 1050 in
780 1013 901 1051 latere
939 1013 1061 1050 solum
1100 1017 1227 1051 exstat
1262 1015 1446 1061 scriptum
1486 1013 1699 1050 debitorem

193 1074 384 1123 quendam
420 1086 559 1112 usuras
595 1079 644 1113 80
671 1074 728 1112 dr.
770 1086 847 1113 non
882 1074 1195 1122 pependisse,⁵¹)
1240 1087 1336 1123 quas
1373 1076 1405 1113 si
1441 1086 1610 1113 summae
1645 1075 1702 1112 illi

193 1137 388 1184 addimus,
427 1136 648 1176 efficiuntur
676 1143 748 1176 500
769 1138 825 1175 dr.
855 1138 985 1185 paullo
1021 1138 1197 1185 amplius.
1259 1137 1395 1185 Neque
1430 1143 1574 1175 temere
1609 1136 1700 1174 mihi

192 1199 326 1238 videor
353 1203 537 1247 statuere,
565 1200 665 1238 hanc
694 1211 877 1238 summam
907 1211 991 1238 esse
1022 1201 1200 1246 omnium,
1232 1211 1330 1248 quae
1357 1200 1564 1248 quotannis
1583 1198 1701 1246 pendi

193 1262 406 1310 debebant,
433 1274 638 1301 usurarum
668 1262 825 1300 dimidia
859 1266 970 1310 parte
999 1274 1074 1301 non
1103 1263 1288 1300 minorem
1320 1263 1551 1310 omninoque
1582 1272 1601 1298 e
1635 1273 1701 1309 pe·

194 1326 316 1363 cuniis
345 1325 408 1364 dei
435 1325 584 1364 foenori
614 1325 714 1364 datis
743 1327 949 1374 quotannis
977 1326 1138 1364 rediisse
1159 1338 1234 1364 non
1255 1326 1341 1374 plus
1364 1326 1468 1363 mille
1491 1324 1696 1363 drachmis.

195 1389 289 1436 Quis
318 1389 416 1427 enim
445 1389 604 1427 credere
631 1392 761 1436 potest
788 1392 866 1427 tam
895 1389 1140 1436 neglegentes
1169 1388 1288 1427 fuisse
1317 1389 1546 1436 hieropoeos
1573 1389 1611 1426 in
1632 1399 1697 1435 pe·

193 1452 318 1490 cuniis
346 1451 409 1490 dei
436 1451 773 1500 administrandis,
808 1456 852 1491 ut
879 1464 1001 1500 usque
1030 1452 1079 1491 ad
1109 1451 1280 1490 Oeneum
1309 1452 1552 1498 archontem,
1589 1452 1700 1490 annis

191 1622 248 1661 (ut
279 1616 433 1660 debitor)
467 1616 535 1650 ὑπὸ
568 1616 762 1661 ἱεροποιῶν
796 1616 1009 1661 (superioris
1041 1617 1142 1654 anni)
1167 1636 1209 1641 -—
1235 1618 1279 1651 99
1305 1615 1374 1659 dr.3
1413 1615 1473 1650 lin.
1504 1618 1700 1651 174—175:

193 1673 276 1719 παρ’
300 1673 548 1718 Ἆνθροδάλοο
566 1673 586 1706 ὃ
603 1673 813 1717 ἐνέγραψαν
839 1673 948 1706 αὐτὸν
975 1673 1154 1717 ἱεροποιοὶ
1180 1672 1389 1718 (superioris
1407 1672 1493 1707 item
1511 1672 1608 1717 anni)
1635 1675 1700 1717 τῆς

191 1731 399 1776 πορθμίδας
422 1733 487 1776 τῆς
511 1730 563 1769 εἰς
585 1727 739 1776 Ῥηνείαν
767 1750 811 1756 -—
837 1733 904 1766 208
922 1729 974 1765 dr.

283 1802 329 1847 ⁵⁰)
354 1799 445 1836 Ibid.
462 1799 524 1834 lin.
542 1801 734 1834 250—253.
759 1799 852 1834 Nam
870 1798 965 1843 quod
983 1798 1184 1833 Homollius
1202 1797 1293 1832 dixit
1311 1797 1470 1832 tabulam
1487 1797 1699 1841 debitorum,

192 1860 255 1905 qui
279 1868 408 1895 usuras
439 1867 510 1892 non
541 1857 738 1901 solverant,
770 1857 842 1891 iam
867 1856 949 1891 inde
975 1865 997 1890 a
1022 1866 1127 1890 versu
1153 1857 1221 1890 240
1251 1855 1288 1889 10
1319 1854 1518 1889 rationibus
1544 1854 1699 1889 Demare

192 1916 364 1952 archonte
396 1915 540 1960 scriptis
572 1913 748 1958 incipere,
782 1912 968 1957 probabile
993 1911 1080 1945 mihi
1113 1921 1182 1946 non
1209 1918 1279 1945 est:
1316 1912 1469 1956 primum
1502 1911 1596 1946 enim
1630 1911 1699 1945 for-

191 1973 291 2008 mula.
314 1992 360 2000 -
387 1973 619 2017 ἐγγράφομεν
647 1970 857 2013 ὀφείλοντας
882 1971 930 2014 τῷ
958 1970 1034 2013 θεῷ
1060 1968 1155 2002 infra
1180 1967 1254 2010 (lin.
1273 1970 1354 2008 250)
1379 1968 1529 2011 legitur,
1557 1977 1636 2002 cum
1662 1968 1698 2002 in

190 2030 295 2066 initio
319 2030 463 2066 tabulae
489 2034 585 2064 stare
612 2027 742 2071 soleat,
768 2032 876 2070 atque
903 2026 934 2060 si
959 2025 1136 2070 repetitur
1159 2031 1214 2067 (ut
1238 2025 1275 2060 in
1300 2025 1396 2060 tituli
1422 2024 1534 2059 nostri
1561 2024 1699 2069 latere),

191 2088 392 2134 paullulum
417 2087 605 2122 immutata
628 2105 673 2110 —
699 2084 930 2128 ἐγγράᾳομεν
959 2083 998 2116 δὲ
1015 2083 1073 2115 καὶ
1098 2083 1159 2116 τὸν
1178 2083 1280 2116 δεῖνα
1307 2081 1397 2121 (sine
1415 2082 1629 2125 ὀφείλοντος
1647 2083 1699 2126 τῷ

192 2147 273 2192 θεῷ
297 2144 427 2189 verbis)
455 2143 649 2186 scribatur3
675 2140 803 2176 deinde
829 2150 851 2174 a
875 2150 979 2174 versu
1005 2141 1073 2174 240
1097 2150 1211 2183 usque
1238 2139 1283 2173 ad
1309 2149 1450 2173 versum
1476 2141 1553 2181 250,
1580 2148 1601 2172 a
1629 2148 1698 2182 quo

191 2211 272 2237 11103
295 2201 474 2237 sententia
497 2200 699 2236 debitorum
716 2198 840 2234 tabula
865 2197 1003 2241 incipit,
1028 2202 1262 2232 recensentur
1287 2196 1459 2239 homines,
1486 2196 1547 2239 qui
1576 2196 1698 2231 »here-

191 2258 275 2295 des«
291 2259 369 2305 (τοῦ
386 2259 488 2292 δεῖνα
504 2256 732 2303 κ’ληρονόμοι)
746 2255 990 2300 appellantur:
1016 2254 1142 2288 mirum
1162 2264 1247 2289 sane
1266 2259 1371 2288 esset.
1390 2253 1419 2287 si
1438 2263 1458 2287 3
1476 2252 1699 2288 debitoribus

191 2316 341 2361 reliquis
365 2315 403 2350 hi
427 2315 651 2360 potissimum
678 2319 965 2357 segregarentur,
991 2318 1031 2347 ut
1055 2312 1100 2346 ad
1126 2322 1204 2347 eam
1223 2312 1341 2357 potius
1367 2312 1535 2347 inclinem
1561 2313 1698 2356 opinio·

190 2383 272 2409 nem
295 2373 459 2408 homines
490 2371 556 2407 hos
582 2370 625 2406 de
650 2371 864 2416 patrimonio
897 2375 1044 2414 accepto
1077 2375 1217 2414 partem
1242 2368 1421 2413 quandam
1454 2368 1520 2403 deo
1546 2368 1697 2404 dicasse.

191 2430 346 2465 Etiamsi
369 2429 462 2465 falsa
487 2429 535 2464 sit
558 2428 648 2464 haec
674 2429 900 2472 coniectura,
932 2437 1001 2461 non
1028 2426 1229 2461 infirmatur
1261 2432 1380 2461 tamen
1414 2426 1591 2461 sententia
1617 2435 1698 2461 11103

191 2485 348 2522 omnium
372 2495 562 2521 usurarum
587 2477 851 2519 summam'non
877 2483 988 2518 fuisse
1014 2482 1110 2517 mille
1137 2482 1316 2518 drachmis
1341 2483 1526 2517 maiorem:
1559 2493 1639 2517 nam
1667 2483 1696 2517 si

191 2552 431 2588 numerorum,
457 2541 519 2586 qui
544 2541 652 2576 etiam
671 2545 815 2575 exstant.
839 2539 875 2573 in
901 2538 1020 2583 lapide
1039 2538 1121 2573 inde
1140 2548 1161 2573 a
1179 2549 1283 2573 versu
1301 2541 1379 2582 240,
1405 2549 1577 2574 summam
1603 2549 1696 2574 com·

191 2605 369 2646 putamus,
394 2598 600 2634 efficiuntur
616 2599 684 2633 200
701 2596 751 2631 dr.
770 2596 857 2640 fere,
882 2607 962 2631 cum
979 2601 1099 2630 autem
1115 2606 1280 2630 versuum
1309 2596 1528 2641 singulorum
1547 2595 1695 2630 dimidia

191 2661 295 2703 parte
319 2656 440 2702 paullo
465 2654 618 2700 amplius
640 2653 875 2698 interciderit,
900 2653 1011 2688 habes
1037 2653 1252 2697 quingentas
1277 2653 1358 2688 illas
1379 2653 1579 2697 drachmas,
1605 2662 1695 2697 quas

192 2713 236 2749 de
261 2713 467 2749 coniectura
492 2712 652 2757 adiunxi,
677 2717 717 2747 ut
740 2711 835 2746 mille
861 2711 1112 2746 drachmarum
1138 2720 1311 2746 summam
1337 2711 1525 2746 efficerem.

282 2777 329 2820 ⁸¹)
354 2775 497 2812 Demar.
523 2775 619 2811 arch.
644 2781 711 2811 rat.
736 2775 773 2810 in
797 2775 910 2810 latere
935 2774 995 2810 lin.
1014 2775 1160 2810 26-30,
