1979 3326
741 287 1026 328 ..79-

132 414 400 455 drachmarum
437 411 650 458 dicitur,⁸³)
687 412 726 449 in
754 415 888 450 nostro
918 410 1091 459 denique.
1108 409 1222 448 titulo
1250 409 1368 447 tertio
1396 409 1480 447 loco
1511 410 1639 446 exstat

133 478 204 517 tali
249 476 360 515 modo
406 475 618 522 descripta:
665 472 861 523 στέφανος
898 472 1075 524 χρυσοῦς
1120 470 1289 522 δάφνης·
1338 470 1518 521 σταθμὸν
1559 467 1643 520 ἄγει

135 537 428 586 ΝΓὶΙ-Ι-Ι-89).
484 536 642 575 Pondus
672 540 799 575 autem
835 536 989 574 saeculo
1018 536 1220 573 interiecto
1250 540 1271 573 8
1302 534 1494 573 drachmis
1522 534 1642 571 immi-

133 606 268 641 nutum
298 612 381 640 esse
410 611 487 638 non
516 604 593 646 est,
631 599 733 647 quod
762 599 961 645 miremur,
997 609 1081 636 cum
1110 598 1214 636 intra
1248 597 1411 636 alterum
1446 597 1642 635 saeculum

134 665 269 714 viginti
297 663 500 702 drachmas
537 674 620 700 eam
655 662 829 700 amisisse
864 664 1026 699 constet.
1083 659 1205 698 Simili
1234 661 1385 698 ratione
1413 658 1551 697 ductus
1581 670 1642 697 co-

136 738 269 766 ronam
304 726 477 764 lauream
507 735 529 762 a
556 724 757 772 Lysandro
793 723 979 771 dicatam,
1015 734 1113 771 quae
1146 723 1325 761 Demaris
1359 726 1532 770 tempore
1566 723 1642 760 iam

136 794 370 837 evanuerat,
405 789 472 828 sed
500 791 540 827 in
570 788 777 837 Hypsoclis
813 788 925 825 etiam
955 788 1046 825 anni
1073 787 1288 825 rationibus
1318 789 1461 832 exstat,
1490 785 1556 822 ubi
1588 786 1642 822 vi-

136 854 231 901 ginti
254 858 340 892 octo
366 853 634 891 drachmarum
655 852 807 898 dicitur,
817 850 865 896 ⁹⁰)
894 863 971 889 non
992 850 1163 888 dubitavi
1185 849 1344 887 eandem
1365 852 1503 897 putare
1526 851 1642 896 atque

134 916 259 964 illam,
295 927 394 964 quae
422 917 462 954 in
490 916 602 953 titulo
637 918 771 952 nostro
806 912 1002 964 στέφανος
1028 912 1206 964 χρυσοῦς
1240 911 1389 962 δάφνης
1423 911 1644 959 appellatur

138 982 176 1018 et
194 979 356 1027 triginta
377 979 643 1017 drachmarum
666 982 851 1026 quattuor
877 977 1076 1016 obolorum
1097 976 1248 1024 pondus
1267 976 1411 1014 habere
1432 974 1642 1020 dicitur.⁹1)

137 1041 344 1080 Difficilius
378 1041 452 1079 fuit
478 1041 671 1090 Lysandri
700 1052 878 1080 coronam
914 1041 1100 1079 maiorem
1128 1040 1331 1088 indagare,
1368 1050 1467 1087 quae
1501 1040 1541 1076 in
1567 1037 1644 1075 De—

136 1106 254 1143 maris
282 1105 500 1144 rationibus
535 1116 707 1153 quernea
740 1104 892 1151 dicitur,
904 1103 953 1151 ⁹2)
991 1116 1076 1142 cum
1112 1105 1150 1142 in
1186 1103 1498 1151 amphictyonum
1525 1100 1644 1139 tradi-

137 1167 310 1206 tionibus
338 1167 556 1206 huiusmodi
585 1167 691 1205 nulla
715 1169 1052 1212 commemoretur3
1081 1165 1149 1204 sed
1179 1177 1225 1203 ex
1245 1165 1428 1203 Homollii
1456 1176 1644 1202 commen-

137 1231 238 1269 tario
267 1230 448 1268 discimus
479 1241 630 1268 errasse
664 1230 727 1268 hic
761 1230 990 1277 hieropoeos
1025 1230 1063 1267 in
1103 1228 1380 1277 perscribendo
1416 1227 1643 1274 inventario,

138 1304 223 1331 cum
254 1305 302 1331 ex
329 1294 416 1332 aliis
443 1293 694 1332 traditionum
717 1293 914 1332 laterculis
945 1292 1094 1330 duobus
1124 1292 1359 1340 (Hypsoclis,
1389 1291 1526 1329 deinde
1548 1290 1644 1329 Cha-

136 1357 232 1396 rilae
268 1357 481 1403 archontis)
518 1357 684 1395 nondum
724 1356 871 1405 publici
914 1357 1008 1394 iuris
1043 1355 1156 1393 factis
1193 1359 1383 1403 appareat
1416 1353 1534 1392 fuisse
1570 1353 1644 1401 Ly-

138 1419 271 1459 sandri
291 1431 472 1458 coronam
492 1432 569 1458 non
589 1420 782 1468 querneis‚
810 1419 878 1457 sed
898 1419 1113 1467 pampineis
1134 1417 1236 1456 foliis
1258 1417 1507 1464 ornatam393)
1529 1421 1644 1465 atque

136 1482 358 1521 huiusmodi
386 1494 551 1521 coronae
570 1483 712 1520 mentio
740 1481 783 1519 fit
803 1483 842 1519 in
870 1485 1003 1520 nostro
1025 1482 1138 1519 titulo
1166 1482 1290 1529 primo
1319 1481 1403 1519 loco
1432 1482 1471 1518 in
1500 1480 1644 1528 templo

138 1545 338 1584 Deliorum
367 1545 662 1593 asservataeffl),
690 1557 815 1594 neque
847 1545 1007 1584 eandem
1036 1549 1174 1593 putare
1205 1544 1351 1590 dubito,
1383 1545 1556 1592 quamvis
1584 1543 1646 1582 hic

138 1610 350 1657 nonaginta
377 1609 579 1648 drachmas
608 1609 761 1656 habeat,
790 1613 964 1656 tempore
993 1620 1084 1646 vero
1108 1608 1284 1646 Demaris
1315 1607 1511 1646 archontis
1538 1618 1645 1645 sexa-

138 1672 246 1720 ginta
273 1676 422 1710 tantum
455 1676 556 1710 tres:
593 1676 759 1720 quatuor
794 1672 894 1709 enim
922 1672 1148 1709 inventariis
1184 1671 1334 1709 collatis
1370 1670 1649 1708 demonstravit

138 1734 355 1773 Homollius
385 1746 468 1774 eam
498 1736 680 1773 leviorem
714 1735 973 1782 levioremque
1002 1733 1214 1781 factam,⁹⁵)
1250 1733 1350 1771 unde
1379 1738 1544 1781 apparet
1572 1744 1648 1770 non

139 1798 232 1836 satis
262 1809 344 1836 eam
379 1799 568 1846 integram
596 1797 737 1844 fuisse,
766 1802 809 1835 ut
837 1796 949 1835 facile
979 1798 1149 1845 potuerit
1184 1797 1339 1834 tertiam
1376 1800 1525 1844 partem
1554 1806 1647 1843 pon-

139 1860 241 1899 deris
275 1872 346 1909 per
383 1860 458 1898 duo
495 1861 650 1898 saecula
683 1861 872 1904 amittere,
903 1859 1222 1907 quemadmodum
1259 1859 1373 1896 aliam
1405 1858 1566 1895 vidimus
1595 1858 1648 1895 vi-

138 1925 233 1972 ginti
269 1923 380 1963 annis
409 1935 432 1962 a
460 1923 717 1971 quadraginta
755 1927 922 1970 quatuor
958 1922 1150 1960 drachmis
1180 1933 1302 1968 usque
1333 1921 1382 1959 ad
1410 1921 1648 1968 undeviginti

138 1987 289 2036 pondus
325 1986 584 2032 devenisseffi)
621 1990 736 2034 atque
772 1986 905 2025 eadem
940 1987 1089 2024 ratione
1117 1986 1304 2023 Pharacis
1344 1995 1526 2022 coronam
1563 1995 1647 2021 esse

137 2051 386 2088 imminutam.

245 2113 445 2152 Sententia
480 2123 566 2151 mea
597 2112 689 2150 mihi
717 2111 861 2150 firmari
891 2111 1042 2150 videtur
1071 2123 1118 2149 ea
1144 2123 1199 2158 re,
1229 2110 1332 2159 quod
1360 2110 1552 2158 Lysandri
1588 2122 1649 2149 co-

138 2188 256 2216 ronae
284 2176 383 2215 duae
402 2177 565 2224 primum
588 2175 875 2224 secundumque
898 2176 1022 2213 locum
1042 2178 1186 2221 tenent,
1216 2174 1403 2212 Pharacis
1424 2179 1550 2212 autem
1572 2178 1648 2212 ter-

139 2231 246 2279 tium.
308 2240 407 2278 Nam
435 2251 520 2278 cum
550 2251 570 2278 e
607 2239 858 2277 traditionum
895 2239 1036 2277 tabulis
1065 2238 1264 2275 Minervae
1301 2242 1548 2286 quaestorum
1577 2238 1649 2275 sci-

139 2315 223 2342 mus
258 2303 516 2341 Athenienses
551 2303 591 2340 in
626 2303 854 2350 templorum
891 2302 1116 2340 inventariis
1153 2301 1439 2349 perscribendis
1475 2300 1648 2338 ordinem

140 2369 294 2406 secutos
323 2377 407 2425 esse
435 2376 512 2404 non
540 2366 634 2412 loci,
665 2377 740 2414 quo
769 2367 806 2403 in
837 2365 997 2403 aedibus
1027 2377 1089 2403 res
1119 2368 1424 2409 asservarentur,
1460 2363 1526 2401 scd
1555 2368 1648 2402 tem-

231 2469 278 2512 88)
302 2468 394 2503 Bull.
414 2467 446 2502 d.
465 2467 563 2502 Corr.
581 2467 674 2502 Hell.
690 2467 750 2511 VI,
777 2478 810 2512 p.
834 2470 905 2502 153.
1021 2467 1064 2512 89)
1092 2467 1283 2502 Timocrat.
1310 2471 1376 2500 rat.
1403 2465 1463 2500 lin.
1484 2467 1649 2500 120—21.

230 2525 276 2571 90)
301 2524 394 2560 Bull.
421 2524 454 2559 d.
480 2524 577 2559 Corr.
604 2523 773 2569 Hell.VI‚
800 2535 833 2568 p.
857 2527 927 2560 153.
1068 2525 1116 2566 9ὶ)
1142 2524 1334 2559 Timocrat.
1360 2529 1426 2557 rat.
1453 2522 1514 2557 lin.
1537 2525 1608 2557 120.

230 2581 278 2626 9²)
302 2581 445 2617 Demar.
471 2581 540 2616 inv.
567 2581 628 2616 lin.
645 2584 752 2618 7—8:
779 2581 871 2616 Bull.
899 2581 931 2616 d.
959 2581 1055 2617 Corr.
1084 2581 1254 2625 neum,
1280 2593 1313 2626 p.
1331 2584 1385 2617 30.

230 2639 276 2685 99)
301 2638 394 2674 Bull.
427 2638 460 2674 d.
493 2638 590 2674 Corr.
623 2639 716 2674 Hell.
735 2639 803 2683 VI,
836 2650 868 2684 p.
893 2641 965 2683 137,
998 2644 1069 2674 not.
1092 2642 1124 2674 1.
1291 2639 1338 2683 9πί)
1363 2639 1555 2673 Timocrat.
1582 2643 1648 2672 rat.

141 2695 200 2731 lin.
223 2699 388 2733 119—20.
505 2697 553 2740 ⁹⁵)
578 2696 673 2732 Bull.
698 2697 731 2731 d.
758 2696 855 2732 Corr.
882 2696 975 2732 Hell.
993 2697 1053 2742 VI,
1079 2708 1112 2742 p.
1135 2699 1208 2732 138.
1332 2697 1377 2742 ⁹6)
1404 2696 1491 2731 Ibid.
1519 2707 1552 2741 p.
1575 2698 1649 2742 139,

141 2758 214 2791 not.
231 2756 262 2790 3.
