1957 3326
928 290 1209 332 -73-

316 415 435 462 ginm3
471 415 601 462 templi
629 426 719 454 vero
748 426 884 453 nomen
919 413 1001 452 fieri
1035 417 1190 462 poterat
1216 417 1259 451 ut
1286 413 1334 452 ob
1366 413 1656 452 Atheniensium
1683 411 1813 452 odium

320 478 600 524 immutaretur,
629 489 704 525 quo
732 477 834 515 facto
864 488 938 514 non
967 478 1040 515 iam
1068 487 1225 514 necesse
1249 480 1333 514 erat
1359 476 1521 515 alterum
1537 475 1732 514 Deliorum
1751 486 1817 514 no-

317 540 416 576 mine
452 538 584 577 addito
623 539 819 587 distingui.
876 539 1039 576 Videtur
1080 539 1197 586 igitur
1230 540 1268 576 in
1302 539 1517 577 rationibus
1557 538 1703 577 liberae
1744 539 1815 577 rei·

316 601 499 650 publicae
528 606 699 649 tempore
721 602 949 649 conscriptis
970 601 1042 639 hoc
1069 600 1231 651 (Δηλίων
1259 600 1372 645 νεώς)
1402 601 1627 649 simpliciter
1647 612 1731 639 esse
1750 611 1818 649 ap-

316 663 503 711 pellatum
533 662 554 699 ὁ
584 662 675 705 ναὸς
704 663 771 699 τοῦ
801 661 1046 709 Ἀπόλλωνος,
1080 663 1174 700 illud
1203 674 1311 707 vero,
1345 663 1680 701 »Atheniensium«
1713 662 1816 711 quod

322 726 409 764 olim
432 725 644 772 dicebatur,
672 726 793 764 latere
815 725 885 763 sub
906 726 1056 763 nomine
1076 724 1167 772 fani,
1200 726 1286 764 »ubi
1307 730 1452 774 septem
1475 730 1564 764 sunt
1584 725 1811 764 simulacra«

317 784 378 834 (οὔ
407 787 455 824 τὰ
482 785 579 824 ἑπτὰ
614 787 844 837 ἀγάλματα).
912 787 1077 825 Demare
1114 788 1266 836 quidem
1300 788 1484 827 archonte
1519 800 1566 826 ex
1599 789 1648 826 iis
1683 788 1815 835 rebus,

316 863 415 900 quae
436 856 573 899 quarto
594 851 749 889 saeculo
779 851 1081 889 asservabantur
1100 853 1139 888 in
1158 852 1450 890 Atheniensium
1472 851 1572 898 fano,
1599 851 1816 900 reperimus

314 915 367 952 ibi
401 926 565 952 coronas
602 918 749 952 tantum
785 926 808 952 a
842 914 954 952 Nicia
989 919 1027 951 et
1061 915 1222 952 Autocle
1257 914 1559 953 Atheniensibus
1595 912 1815 961 dicatas,⁸⁸)

315 978 487 1025 reliquae
516 989 640 1025 neque
669 977 730 1014 hic
750 988 874 1024 neque
895 976 984 1014 alibi
1007 982 1362 1023 commemorantur,
1393 977 1460 1015 sed
1488 976 1581 1015 dicit
1602 975 1815 1015 Homollius

314 1046 353 1080 et
367 1041 560 1089 Hypsocle
590 1043 639 1086 (a.
663 1042 752 1086 279)
782 1044 820 1078 et
839 1039 995 1078 Charila
1023 1043 1072 1085 (a.
1095 1044 1184 1085 269)
1214 1043 1252 1078 et
1272 1039 1493 1078 Sosisthene
1514 1042 1565 1085 (a.
1587 1042 1678 1085 250)
1699 1039 1813 1078 etiam

315 1105 565 1143 archontibus
599 1116 682 1142 esse
717 1103 850 1142 eodem
884 1104 968 1141 loco
1001 1104 1231 1141 mentionem
1267 1101 1406 1141 factam
1440 1113 1667 1140 coronarum
1700 1102 1814 1140 unius

316 1172 355 1205 et
383 1168 530 1215 viginti.
560 1178 655 1215 quas
685 1178 707 1204 a
734 1167 982 1214 pentetericis
1011 1166 1099 1211 illis,
1133 1166 1297 1204 maximo
1325 1165 1404 1204 fani
1433 1165 1726 1204 Atheniensium
1755 1175 1816 1202 or-

314 1235 512 1276 namento,
556 1230 728 1268 diversas
764 1241 837 1267 non
875 1229 993 1268 fuisse
1029 1229 1129 1267 idem
1166 1229 1444 1267 demonstravit
1479 1228 1630 1267 collatis
1665 1228 1815 1274 tertiae,

316 1297 490 1341 quartae,
519 1294 717 1340 septimae,
744 1297 913 1339 octavae,
943 1292 1125 1338 decimae,
1151 1291 1391 1339 undecimae,
1417 1290 1752 1339 quartaedecimae
1778 1293 1817 1328 et

313 1355 641 1404 quintaedecimae
670 1355 917 1403 ponderibus,
948 1367 1045 1403 quae
1074 1356 1113 1393 in
1142 1355 1348 1403 Hypsoclis
1377 1354 1571 1393 archontis
1598 1353 1815 1392 rationibus

315 1423 405 1457 sunt
435 1419 663 1467 perscripta,
692 1430 777 1456 curn
806 1419 894 1465 illis,
924 1430 1022 1466 quae
1049 1418 1191 1457 eisdem
1211 1419 1251 1457 in
1270 1418 1392 1456 titulis
1413 1417 1730 1466 amphictyonicis
1749 1416 1816 1453 tri-

312 1481 564 1528 buuntur;⁸⁴)
594 1481 757 1529 denique
784 1483 821 1519 in
844 1481 986 1520 eisdem
1004 1482 1208 1530 Hypsoclis
1237 1481 1452 1520 rationibus
1479 1485 1701 1520 numeratas
1730 1491 1814 1518 esse

312 1549 475 1592 apparet
503 1545 654 1592 phialas
680 1545 766 1583 illas
793 1545 841 1583 ab
857 1544 1073 1593 Euthydico
1095 1545 1242 1583 Dioclis
1267 1544 1292 1583 f.
1308 1545 1535 1583 Atheniensi
1562 1548 1602 1582 et
1626 1555 1650 1582 a
1668 1542 1815 1580 Tauro-

315 1608 518 1645 menitanis
548 1606 696 1644 dicatas
733 1607 905 1655 aliasque
934 1612 1013 1645 tres
1042 1619 1117 1646 non
1146 1607 1380 1656 ponderatas
1415 1604 1681 1653 (ἄστατοι),85)
1716 1615 1815 1653 quae

311 1670 349 1706 in
377 1674 508 1708 nostro
547 1669 700 1717 quidem
738 1670 849 1707 titulo
885 1670 1120 1714 (Timocrate
1149 1670 1350 1716 archonte)
1387 1669 1554 1709 nondum
1589 1678 1817 1708 commemo-

310 1736 457 1779 rantur,
486 1733 524 1769 in
551 1733 775 1769 inventariis
799 1736 926 1769 autem
952 1732 1269 1780 amphictyonicis
1295 1732 1495 1771 Euaeneto
1519 1731 1702 1771 archonte
1722 1730 1815 1768 scri-

310 1796 388 1843 ptis
418 1799 571 1833 exstant
602 1800 639 1832 et
667 1796 705 1831 in
735 1795 877 1842 templo
908 1795 1198 1833 Atheniensium
1228 1795 1439 1834 collocatae
1468 1793 1715 1840 dicuntur.⁸⁶)

415 1859 468 1895 At
496 1857 775 1896 dubitationem
805 1857 899 1894 illud
927 1861 1065 1904 movet,
1095 1857 1198 1905 quod
1224 1858 1263 1894 in
1284 1861 1416 1896 nostro
1444 1858 1557 1896 titulo
1585 1857 1731 1895 nullum
1758 1857 1815 1895 in-

311 1921 466 1957 venitur
494 1921 692 1967 vestigium
721 1931 963 1966 coronarum,
993 1931 1089 1968 quas
1109 1932 1128 1958 e
1148 1921 1375 1968 posterioris
1395 1921 1580 1969 temporis
1599 1920 1814 1959 rationibus

310 1984 484 2021 novimus
520 1982 667 2021 dicatas
703 1995 787 2021 esse
822 1995 845 2021 a
872 1983 1074 2030 Lysandro
1103 1983 1409 2022 Lacedaemonio
1447 1987 1486 2021 et
1513 1982 1688 2022 Pharace
1721 1993 1815 2021 nau-

310 2046 426 2084 archo
463 2050 502 2084 et
541 2050 758 2084 asservatas
793 2047 831 2084 in
866 2058 1004 2094 magno
1039 2047 1232 2095 Apollinis
1265 2046 1372 2085 fano:
1416 2047 1448 2085 si
1482 2047 1601 2095 igitur
1633 2049 1738 2085 recte
1773 2056 1814 2084 se

309 2108 428 2146 habet
448 2110 639 2147 sententia
658 2120 755 2155 mea,
775 2108 917 2147 debent
932 2113 1084 2147 exstare
1100 2109 1339 2157 perscriptae
1359 2109 1398 2146 in
1416 2108 1637 2148 »Deliorum
1653 2107 1808 2157 templi«

310 2173 544 2210 inventariis.
602 2174 729 2220 Atque
761 2176 927 2218 exstant,
957 2171 1024 2210 sed
1053 2172 1119 2218 ita,
1148 2176 1190 2209 ut
1218 2173 1359 2211 omissa
1387 2173 1464 2211 sint
1491 2172 1719 2211 donatorum
1747 2182 1813 2209 no-

310 2236 423 2282 mina,
453 2236 561 2273 cuius
591 2236 646 2273 rei
676 2247 794 2273 causa
823 2235 871 2273 ad
900 2234 1196 2282 intellegendum
1227 2247 1303 2273 non
1333 2239 1392 2273 est
1418 2234 1596 2274 difficilis.
1644 2233 1812 2273 Primam

309 2298 435 2335 inveni
458 2297 644 2335 Pharacis
673 2308 863 2343 coronam,
895 2309 994 2346 quae
1022 2299 1061 2335 in
1087 2297 1300 2335 rationibus
1321 2297 1500 2336 Demaris
1520 2297 1716 2337 archontis
1743 2296 1811 2335 tali

309 2359 423 2398 modo
466 2359 717 2398 describitur:
761 2360 954 2410 στέφανον
985 2360 1158 2411 χρυσοῦν
1193 2358 1360 2410 δάφνης,
1404 2357 1591 2410 Φάρακος
1632 2356 1812 2409 ἀνάθεμα

308 2421 434 2472 §Mam
468 2423 498 2468 }-
507 2424 556 2468 Δ
565 2424 615 2468 Δ
623 2423 824 2470 Ani-,⁸5
855 2424 1047 2472 Hypsocle
1069 2423 1253 2462 archonte
1274 2422 1408 2462 eadem
1428 2423 1708 2472 quinquaginta
1726 2432 1811 2461 esse

397 2571 445 2615 ⁸³)
469 2570 611 2605 Demar.
638 2570 767 2605 invent.
793 2570 853 2605 lin.
877 2572 1046 2606 177—78:
1074 2570 1166 2606 Bull.
1192 2570 1225 2605 d.
1251 2570 1349 2606 Corr.
1376 2569 1544 2614 Ηε11.Ἦ,
1569 2581 1603 2615 p.
1621 2571 1675 2605 48.

399 2628 444 2673 8⁴)
470 2627 562 2662 Bull.
577 2627 609 2661 d.
625 2627 721 2661 Corr.
738 2626 899 2671 Hell.V1,
917 2637 949 2671 p.
970 2630 1042 2662 151.
1137 2627 1181 2672 ⁸⁵)
1206 2626 1374 2672 Hypsocl.
1393 2631 1459 2662 rat.
1477 2627 1570 2663 ined.
1587 2626 1649 2662 lin.
1668 2627 1809 2662 103—4.

399 2686 447 2728 8θ)
471 2685 550 2720 c.1.
565 2685 608 2719 A.
634 2684 680 2729 11,
705 2688 783 2730 824,
808 2684 868 2719 lin.
887 2687 986 2721 5-7.
1157 2685 1204 2730 ⁸⁷)
1230 2683 1372 2720 Demar.
1397 2684 1467 2719 inv.
1492 2683 1554 2719 lin.
1576 2685 1633 2720 12:
1657 2681 1750 2719 Bun.
1775 2681 1808 2718 d.

308 2742 408 2778 Corr.
434 2741 527 2778 Heu.
542 2742 604 2787 VI,
628 2752 661 2787 p.
679 2744 733 2778 30.
