1979 3326
743 291 1055 333 —193—

147 418 320 456 oriundis
357 429 442 456 esse
475 416 567 454 Deli
601 414 895 462 institutum‚⁶³)
929 419 1019 463 post
1051 425 1196 462 paucos
1233 426 1322 453 vero
1358 426 1478 453 annos
1508 415 1657 452 venisse

146 480 188 518 in
207 480 502 518 Atheniensium
526 478 768 517 sacerdotum
790 489 923 516 manus
942 478 1076 525 templi
1103 478 1183 515 eius
1213 476 1658 518 administrationem.⁶⁴›

148 541 295 580 Contra
329 543 492 590 collegia
526 541 715 580 artificum
749 546 817 579 aut
843 544 1100 579 mercatorum
1130 544 1167 577 et
1195 540 1349 578 condita
1378 544 1415 577 et
1444 540 1658 587 composita

151 608 262 643 erant
294 607 537 654 saepissime,
573 606 605 643 si
639 617 716 643 non
750 616 920 652 semper,
959 616 1006 642 ex
1041 603 1210 641 eiusdem
1247 604 1412 641 civitatis
1442 603 1501 640 vel
1532 603 1657 650 gentis

147 667 367 706 hominibus
388 669 505 714 (inter
523 671 583 706 tot
600 667 854 705 Mercuriales
883 666 992 705 nobis
1020 668 1193 713 cognitos
1222 678 1320 703 unus
1348 670 1497 703 tantum
1530 669 1658 703 exstat

149 719 454 778 Heracleotaffi')
482 731 602 769 ceteri
630 734 697 768 aut
724 730 812 768 Itali
841 734 931 767 sunt
958 734 1026 768 aut
1053 729 1193 767 Graeci
1223 741 1268 767 ex
1298 730 1410 767 Italia
1438 728 1605 773 oriundi,
1638 739 1658 763 e

146 792 312 841 Neapoli
340 798 407 832 aut
436 793 643 840 Tarento),
679 793 805 830 rarius
834 803 854 829 e
886 792 1032 830 civibus
1068 803 1182 840 quam
1218 804 1238 829 e
1273 793 1476 838 metoecis,
1514 792 1657 839 quippe

148 855 214 903 qui
249 856 289 893 in
325 856 454 894 aliena
489 857 643 894 civitate
678 856 840 893 maxime
875 856 1026 892 iniuriis
1061 855 1286 902 damnisque
1323 855 1461 892 obiecti
1504 855 1657 901 saepius

146 918 342 966 praesidio
366 918 598 966 indigerent,
627 922 665 956 et
690 922 896 966 patronum
926 917 999 954 sibi
1029 917 1240 965 eligebant,
1273 921 1312 954 ut
1341 918 1416 954 iam
1446 916 1524 954 dixi
1555 927 1658 953 asse-

148 991 317 1028 vercque
352 991 604 1028 magnopere,
638 979 749 1018 deum
785 981 823 1017 in
858 991 903 1018 ea
939 979 1092 1027 quidem
1130 980 1304 1025 civitate,
1348 990 1460 1027 quam
1497 979 1659 1016 metoeci

145 1042 385 1090 incolebant,
419 1044 684 1090 peregrinum,
719 1042 791 1080 sibi
827 1047 953 1080 autem
995 1041 1344 1080 familiarissimum
1389 1053 1434 1079 ac
1476 1043 1657 1089 patrium,

147 1106 327 1153 quoniam
352 1106 574 1153 religionem
603 1105 853 1154 quaerebant,
890 1117 967 1143 non
996 1106 1322 1153 superstitionem,
1355 1109 1470 1152 atque
1501 1106 1658 1151 antiquo

146 1179 253 1206 more
286 1167 544 1216 ducebantur,
580 1180 656 1206 non
684 1179 822 1206 novum
851 1167 1042 1216 quendam
1072 1168 1323 1205 sectabantur
1353 1165 1657 1216 ἐνθουσιασμόν

148 1233 188 1269 et
213 1230 353 1268 Graeci
389 1231 542 1278 quidem
577 1241 755 1278 graecum
791 1230 971 1268 colebant
1010 1230 1144 1276 deum,
1182 1234 1223 1267 ut
1251 1230 1377 1267 Musei
1413 1230 1657 1268 alexandrini

148 1292 299 1331 sodales
326 1315 377 1320 —
403 1293 538 1332 Musas
560 1294 792 1339 Heliconias,
823 1293 1023 1331 Heliastae
1047 1292 1188 1330 Rhodii
1219 1314 1268 1319 ——
1297 1298 1400 1329 certe
1432 1304 1507 1329 non
1539 1293 1656 1340 phoe-

148 1355 289 1393 nicium
318 1356 508 1404 quendam
535 1357 627 1394 solis
657 1356 781 1402 deum,
811 1355 878 1393 sed
899 1356 1050 1393 Helium
1080 1356 1198 1401 illum,
1229 1367 1341 1402 quem
1371 1356 1445 1392 iam
1467 1355 1657 1392 Pindarus

148 1418 325 1466 appellat
352 1419 502 1457 insulae
531 1417 740 1468 μεδέοντα;
778 1422 1011 1456 mercatores
1047 1417 1200 1465 quidem
1229 1417 1336 1464 Tyrii
1372 1418 1658 1455 venerabantur

149 1482 336 1519 Astarten
364 1485 404 1519 et
429 1481 624 1519 Melkarth
653 1492 744 1518 suos
773 1480 885 1526 deos,
916 1480 984 1517 sed
1012 1481 1084 1526 ita,
1114 1485 1155 1517 ut
1185 1491 1249 1517 eos
1279 1481 1466 1517 civitatis.
1505 1481 1542 1518 in
1582 1492 1657 1528 qua

149 1543 391 1590 habitabant,
412 1543 495 1581 deis
515 1544 792 1590 adsimilarent,
813 1544 992 1581 videlieet
1012 1548 1053 1581 ut
1081 1543 1384 1581 benevolentiam
1415 1545 1553 1580 civium
1586 1543 1657 1579 sibi

150 1610 195 1644 ut
213 1606 492 1644 mercatoribus
514 1618 627 1654 quam
648 1609 811 1645 maxime
839 1608 1095 1645 necessariam
1126 1611 1327 1654 captarent
1360 1611 1658 1644 summm-erent-

151 1681 226 1717 que
256 1681 404 1708 omnem
439 1671 714 1718 suspicionem3
749 1670 930 1708 Italorum
962 1670 1123 1717 collegia
1152 1669 1288 1707 Delum
1328 1668 1656 1717 frequentantium

150 1737 337 1780 patronos
365 1733 438 1770 sibi
473 1733 667 1781 eligebant
685 1731 828 1782 Ἑρμῆν
849 1747 891 1762 =
912 1732 1165 1778 Mercurium,
1198 1730 1425 1768 Ποσειδῶνα
1446 1748 1488 1762 =
1511 1731 1657 1778 Neptu-

150 1807 259 1842 num,
298 1796 517 1844 Apollinem
557 1797 889 1844 graeco—italicos
924 1800 1047 1842 certe,
1090 1807 1166 1833 non
1214 1806 1322 1842 syros
1367 1794 1554 1842 quosdam
1595 1793 1654 1831 vel

155 1859 370 1907 aegyptios.

254 1921 424 1969 Longius
453 1921 656 1959 aberrasse
677 1933 700 1959 a
719 1922 920 1969 proposito
948 1920 1092 1967 videor,
1123 1920 1191 1957 sed
1211 1931 1286 1958 non
1307 1921 1453 1957 inutilis
1484 1925 1541 1957 est
1564 1920 1658 1957 haec

152 1984 200 2023 de
228 1983 498 2022 sodalitatibus
532 1985 781 2032 collegiisque
810 1983 1021 2031 disputatio
1059 1983 1107 2021 ad
1135 1985 1256 2031 ipsius
1294 1984 1441 2021 insulae
1477 1985 1653 2021 instituta

152 2046 420 2095 cognoscenda
453 2051 568 2095 atque
598 2051 804 2086 excusatur
839 2059 976 2095 magna
1004 2048 1069 2085 illa
1099 2048 1327 2084 auctoritate
1359 2053 1395 2084 et
1426 2048 1655 2092 reverentia,

154 2121 268 2159 quam
301 2110 362 2148 hic
395 2121 547 2158 quoque
583 2114 625 2147 ut
651 2111 738 2148 aliis
770 2111 866 2148 locis
901 2110 973 2147 hac
1001 2114 1126 2148 aetate
1162 2114 1250 2147 sunt
1288 2109 1418 2156 adepti
1449 2110 1509 2146 ‹lei
1547 2122 1657 2157 pere·

153 2173 252 2222 grini
281 2176 319 2211 et
346 2173 559 2212 advecticii.
601 2173 680 2212 Iam
710 2174 832 2212 libera
860 2173 1059 2221 republica
1084 2173 1234 2210 deliaca
1261 2172 1422 2209 vidimus
1453 2173 1657 2219 irrepsisse

154 2235 311 2274 deorum
340 2237 605 2284 aegyptiorum
625 2237 779 2283 cultum,
810 2237 1066 2274 Athenienses
1096 2248 1185 2273 vero
1206 2236 1354 2273 insulae
1385 2235 1529 2273 domiui
1552 2234 1656 2280 facti,

155 2299 298 2347 quippe
326 2300 391 2347 qui
426 2310 503 2337 non
531 2304 609 2337 tam
637 2305 746 2338 arcta
781 2299 1041 2347 diuturnaque
1070 2299 1333 2337 familiaritate
1370 2304 1497 2337 essent
1527 2300 1657 2341 iuncti,

155 2364 199 2398 ut
226 2362 284 2399 ita
311 2361 453 2408 dicam,
486 2373 571 2400 cum
599 2360 780 2409 Apolline
809 2362 942 2408 Delio,
979 2373 1135 2399 causam
1170 2362 1311 2398 nullam
1343 2361 1554 2405 habebant,
1591 2372 1659 2398 cur

245 2509 294 2551 ⁶³)
318 2508 408 2544 Tres
432 2509 663 2554 appellantur
686 2508 869 2543 minimum
894 2508 1098 2543 sacerdotes
1118 2508 1302 2552 Hierapoli
1330 2507 1487 2542 oriundi:
1516 2506 1605 2540 Bull.
1625 2505 1656 2539 d.

157 2566 256 2602 Corr.
281 2565 375 2601 HelL
400 2566 462 2610 VI,
486 2578 520 2611 p.
537 2569 727 2602 495—497.
897 2566 943 2606 ⁶⁴)
970 2565 1038 2600 Tot
1064 2572 1145 2599 sunt
1172 2572 1312 2599 servata
1338 2565 1445 2598 huius
1473 2564 1522 2597 rei
1549 2563 1656 2597 ‹locu-

156 2626 288 2667 menta,
312 2627 353 2657 ut
376 2622 519 2667 singula
543 2622 671 2658 afferre
697 2621 823 2657 inutile
850 2622 906 2657 sit.
1069 2623 1115 2662 ⁵⁵)
1140 2622 1232 2657 Bull.
1259 2621 1291 2655 d.
1319 2622 1415 2656 Corr.
1444 2620 1534 2653 Heli.
1563 2620 1657 2656 vm.

158 2690 193 2725 p.
222 2682 298 2715 145:
336 2679 523 2724 catalogus
552 2677 794 2724 Ἑρμαιστῶν,
827 2678 1155 2721 Ἆπυλλωνιαστῶν,
1191 2677 1513 2712 Ποσειδωνιαστὼν
1547 2678 1657 2721 magi-

158 2740 323 2780 strorum,
341 2736 403 2780 qui
419 2747 565 2772 munere
583 2742 666 2772 sunt
682 2736 795 2772 functi
813 2736 853 2771 L.
871 2735 1011 2771 Licinio
1028 2736 1189 2779 Lucullo,
1207 2736 1256 2770 M.
1277 2734 1424 2770 Aurelio
1444 2734 1548 2769 Cotta
1567 2744 1656 2769 coss.

226 2800 320 2829 ἃδε.
356 2800 408 2828 lx.
446 2800 471 2826 ι.
1347 2794 1386 2826 13
