1957 3293
906 326 1212 366 —222-

300 454 364 502 qni
400 465 440 490 se
476 463 545 500 per
582 456 702 489 totum
746 451 846 488 vitae
887 455 1037 498 ternpus
1072 451 1110 487 in
1146 449 1271 487 insula
1311 448 1465 488 deserta
1498 459 1620 497 paene
1654 447 1797 487 includi

300 519 512 563 pateretur,
543 515 672 553 nescio
701 525 749 551 an
777 514 903 561 colligi
933 513 1020 551 inde
1050 513 1173 560 possit
1200 511 1412 550 sacerdotis
1442 511 1632 559 Apollinis
1660 521 1797 548 munus

297 579 375 616 iam
413 577 493 615 sere
534 577 582 616 ad
622 577 773 614 titulum
811 576 1054 613 honorarium
1097 574 1213 613 fuisse
1250 575 1465 620 redactum,
1509 584 1584 622 quo
1621 583 1803 611 ornaren-

302 645 366 678 tur
394 642 495 678 cives
523 640 620 678 bene
654 640 797 677 meriti:
841 651 914 676 non
950 651 1045 687 nego
1081 638 1234 687 quidem
1269 637 1458 676 interdum
1492 648 1576 675 eum
1612 635 1804 675 sacrificia

301 704 470 752 Apollini
513 702 690 741 facienda
729 702 942 748 curavisse.
984 713 1066 739 cum
1111 702 1304 749 cognitum
1348 699 1556 738 habeamus
1597 700 1801 748 quotannis

301 767 414 804 etiam
450 767 521 804 hoc
554 771 725 813 tempore
761 765 911 812 publice
947 769 1144 802 curatores
1181 776 1263 802 esse
1299 765 1336 800 in
1379 763 1542 801 insulam
1580 761 1801 809 missos3⁸⁹)

302 830 368 868 sed
398 841 630 877 magnopere
661 839 841 867 assevero
861 827 942 865 fieri
973 839 1046 865 non
1068 828 1251 875 potuisse,
1282 826 1383 874 quod
1404 830 1507 864 certe
1528 825 1616 863 olim
1635 826 1803 863 muneris

302 894 383 930 eius
404 898 501 939 erat,
532 897 573 929 ut
595 904 664 940 per
692 895 811 929 totum
834 891 1037 928 sacerdotii
1058 896 1209 938 tempus
1230 890 1316 928 Deli
1337 889 1545 936 habitaret,
1573 889 1801 936 praesertim

302 966 385 992 cum
423 955 650 993 Pammenes
686 955 747 992 hic
783 965 856 991 non
885 954 1004 991 solum
1035 952 1253 1003 στρατηγὸς
1288 949 1346 989 ἐπὶ
1375 951 1469 994 τοῦς
1495 950 1662 993 ὁπλέτας
1688 954 1803 998 esset,

303 1018 368 1056 sed
405 1019 516 1056 etiam
549 1019 692 1056 Romae
723 1022 760 1055 et
790 1018 951 1064 Augusti
988 1016 1186 1055 sacerdos.
1223 1015 1362 1064 quibus
1391 1015 1612 1053 muneribus
1643 1013 1803 1052 Athenis

303 1081 612 1124 detinebatur.⁴⁰›
666 1081 740 1118 Hic
769 1081 881 1117 etiam
905 1091 1039 1118 moneo
1069 1080 1213 1117 nullum
1243 1084 1395 1116 exstare
1423 1078 1574 1116 titulum
1595 1080 1684 1126 post
1702 1076 1805 1114 bella

303 1144 565 1182 Mithridatica
596 1145 793 1191 scriptum,
822 1144 858 1180 in
889 1155 964 1190 quo
986 1143 1141 1180 deorum
1170 1142 1459 1190 peregrinorum
1480 1139 1549 1179 fiat
1576 1140 1717 1178 mentio
1737 1139 1802 1178 vel

302 1208 543 1245 tenuissima:
581 1207 732 1254 Apollo,
768 1211 810 1243 ut
838 1206 942 1243 solus
972 1205 1161 1254 quondam
1193 1206 1354 1243 insulam
1385 1214 1531 1242 sacram
1560 1203 1801 1252 possederat,

303 1270 408 1307 solus
437 1271 549 1307 etiam
587 1281 657 1316 per
686 1269 811 1305 varios
848 1267 1024 1306 fortunae
1053 1279 1165 1306 casus
1200 1268 1430 1315 permansit,
1465 1267 1635 1315 reliquos
1672 1277 1802 1304 omnes

303 1332 554 1383 ἀνηρείψαντο
585 1331 751 1369 θύελλαι.

407 1395 534 1434 Unum
568 1400 772 1442 praeterea
808 1395 979 1432 novimus
1009 1394 1259 1442 Imperatoris
1287 1394 1452 1432 Neronis
1480 1396 1651 1441 tempore
1679 1402 1805 1430 sacer-

305 1459 431 1497 dotem
461 1459 650 1506 Apollinis
680 1462 795 1505 atque
825 1457 985 1494 eundem
1015 1454 1236 1507 ἐπιμελητὴν
1257 1455 1379 1506 Δήλου
1408 1454 1471 1493 διὰ
1497 1455 1586 1506 βίου
1613 1477 1662 1483 -
1691 1455 1804 1493 Tibe-

305 1523 401 1559 rium
423 1521 623 1559 Claudium
644 1520 821 1565 Novium,
851 1520 916 1566 qui
938 1524 975 1556 et
1004 1524 1170 1557 statuam
1192 1520 1436 1567 procuratori
1456 1519 1605 1557 cuidam
1627 1518 1804 1557 Caesaris

305 1584 502 1629 dicavitss,
540 1589 578 1622 et
612 1585 694 1631 ipse
729 1595 806 1621 una
839 1594 922 1620 cum
958 1594 1078 1620 uxore
1110 1582 1385 1620 Damosthenia
1422 1583 1560 1620 statuis
1595 1582 1804 1620 honoratus

305 1653 364 1686 est
383 1659 406 1686 a
429 1649 592 1696 »populo
615 1647 903 1685 Atheniensium
926 1647 1056 1693 eisque
1078 1647 1142 1693 qui
1165 1657 1312 1683 sacram
1334 1645 1470 1683 Delum
1490 1642 1801 1690 incolebant‹.⁴²)

306 1712 349 1749 In
379 1712 479 1749 hunc
507 1713 626 1758 magis
657 1712 770 1748 etiam
800 1709 914 1755 cadit,
944 1708 1047 1756 quod
1076 1709 1121 1746 de
1143 1708 1348 1746 Pammene
1377 1707 1488 1746 modo
1508 1707 1605 1745 dixi:
1634 1707 1805 1745 videmus

306 1776 426 1812 virum
464 1785 549 1812 esse
585 1774 745 1811 electum
783 1777 821 1810 et
849 1772 1037 1819 Apollinis
1076 1771 1315 1809 sacerdotem
1344 1775 1382 1808 et
1409 1770 1558 1809 insulae
1587 1774 1803 1808 curatorem

307 1842 422 1886 atque
443 1835 506 1874 διὰ
523 1836 622 1886 βίου,
645 1837 710 1884 qui
732 1847 855 1883 neque
875 1835 1048 1873 habitare
1070 1834 1121 1872 ibi
1138 1839 1269 1882 posset
1289 1845 1412 1882 neque
1433 1832 1569 1871 officiis
1589 1833 1668 1871 suis
1687 1831 1804 1880 fungi,

307 1912 390 1939 cum
428 1905 530 1939 esset
567 1899 698 1937 eodem
734 1903 906 1946 tempore
943 1898 1172 1936 constitutus
1209 1897 1447 1935 Athenarum
1481 1893 1707 1947 ἐπιμελητὴς
1741 1893 1807 1932 διὰ

304 1963 460 2014 βίουᾺ3)
508 1965 642 2012 Itaque
671 1975 782 2001 sacra
801 1963 921 2000 Delus
952 1966 990 1999 et
1018 1960 1218 1999 sacerdote
1239 1964 1277 1998 et
1307 1964 1486 1998 curatore
1515 1958 1686 2006 carebat,
1715 1958 1806 2007 quia

308 2029 368 2065 vix
399 2028 599 2076 quisquam
628 2026 679 2064 ibi
709 2026 768 2063 vel
796 2025 867 2063 hoc
895 2025 954 2062 vel
983 2024 1047 2062 illo
1078 2023 1224 2071 egebat.

412 2090 603 2137 Properat
633 2090 705 2127 iam
729 2089 851 2126 oratio
881 2087 934 2132 ad,
951 2088 1104 2125 exitum.
1152 2086 1259 2125 Unus
1289 2089 1414 2123 exstat
1441 2085 1574 2123 titulus
1602 2084 1808 2133 posteriori

308 2155 470 2201 tempori
501 2151 791 2197 adscribendus,
821 2152 858 2187 in
889 2161 964 2198 quo
994 2151 1133 2197 legitur
1161 2149 1238 2186 Titi
1268 2147 1446 2186 Caesaris
1478 2147 1640 2196 Augusti
1670 2158 1808 2185 nomen

398 2275 445 2318 ³⁹)
470 2273 509 2307 In
536 2273 681 2306 basibus
708 2277 904 2305 statuarum
930 2270 969 2304 L.
991 2269 1143 2304 Aemilio
1168 2267 1316 2313 Lepido,
1343 2266 1488 2311 Herodi,
1513 2264 1697 2301 Pammeni
1714 2264 1808 2310 posi-

309 2338 424 2367 tarum
452 2331 621 2375 scriptum
648 2335 765 2364 exstat
790 2329 846 2361 ἐπὶ
871 2327 1090 2372 ἐπιμελητυῦ
1115 2329 1181 2359 τοῦ
1209 2327 1310 2358 δεῖνα
1335 2330 1461 2369 atque,
1488 2332 1703 2368 quamquam
1728 2326 1811 2357 sunt

308 2389 452 2424 nomina
484 2393 687 2422 curatorum
720 2386 845 2419 horum
878 2395 983 2428 quam
1016 2383 1168 2417 maxime
1203 2380 1450 2426 pessumdata,
1483 2386 1602 2416 tamen
1635 2379 1724 2416 satis
1757 2383 1812 2415 est

309 2446 503 2489 reliquum,
544 2450 581 2478 nt
613 2453 819 2478 asseverare
855 2442 1031 2486 possimus
1062 2440 1221 2475 diversos
1253 2445 1325 2474 tres
1356 2439 1484 2474 fuisse:
1522 2437 1613 2473 Bull.
1647 2437 1680 2472 d.
1712 2437 1810 2472 Corr.

311 2503 401 2537 Hell.
429 2502 491 2541 ΙΙΙ,
518 2513 549 2546 p.
575 2504 634 2535 153
662 2506 697 2534 et
718 2503 801 2543 3693
828 2499 923 2541 vm,
951 2510 982 2543 p.
1008 2501 1077 2533 156.
1218 2499 1264 2537 ⁴⁰)
1290 2496 1327 2531 C.
1341 2496 1368 2531 1.
1385 2497 1427 2530 A.
1445 2495 1517 2540 111,
1542 2498 1597 2531 63.
1645 2494 1810 2530 Ceterum

310 2571 414 2604 quam
440 2569 568 2602 magna
587 2569 670 2592 usus
697 2557 742 2591 sit
768 2556 993 2599 auctoritate,
1021 2554 1241 2589 demonstrat
1266 2553 1402 2597 titulus,
1429 2553 1514 2588 item
1538 2551 1620 2587 Deli
1645 2555 1810 2597 repertus

311 2617 414 2659 (Bull.
435 2616 467 2651 d.
487 2617 584 2650 Corr.
604 2614 696 2649 Ilell.
715 2614 777 2657 111,
804 2625 835 2658 p.
862 2614 944 2658 156),
971 2613 1005 2646 in
1024 2622 1093 2656 quo
1120 2611 1162 2645 de
1182 2610 1256 2645 viro
1281 2609 1435 2654 quodam
1452 2609 1682 2655 praedicatur
1697 2608 1809 2645 fuisse

311 2686 390 2709 eum
416 2675 452 2707 ἐκ
479 2677 540 2707 τοῦ
564 2674 686 2717 γένους
712 2674 776 2705 τοῦ
805 2669 1017 2711 Παμμένους
1044 2672 1105 2703 τοῦ
1131 2668 1304 2714 Ζήνωνος
1332 2666 1589 2713 Μαραθωνίου.

403 2733 448 2774 ⁴¹)
474 2730 565 2765 Bull.
584 2729 616 2763 d.
635 2729 731 2763 Corr.
751 2727 842 2762 Hell.
862 2728 924 2771 ΙΙΙ,
943 2739 974 2772 p.
1000 2729 1069 2761 160.
1170 2725 1217 2760 ⁴²»
1243 2724 1331 2759 lbid.
1351 2724 1395 2769 11,
1414 2735 1447 2770 p.
1466 2726 1534 2760 400
1550 2729 1587 2759 et
1601 2723 1654 2759 111
1680 2733 1714 2769 p.
1736 2725 1810 2759 161.

403 2789 450 2834 ⁴³)
476 2788 511 2822 C.
528 2788 609 2822 LA.
629 2786 691 2830 111,
717 2788 794 2829 457,
820 2788 896 2824 613,
923 2789 989 2821 652
1014 2791 1047 2820 et
1075 2783 1236 2828 inprimis
1263 2785 1356 2818 1085.
