1957 3326
875 292 1156 333 -54-

265 415 505 464 profitentur.
518 416 564 462 ¹⁴)
620 416 696 454 Sed
724 417 802 455 alia
829 414 1038 454 difficultas
1066 415 1154 453 iude
1183 416 1323 462 oritur,
1356 417 1459 464 quod
1486 428 1556 465 per
1584 420 1767 465 quattuor

267 479 533 526 quinquennia
560 485 638 517 tres
667 483 814 517 tantum
843 483 933 517 sunt
970 478 1121 516 dicatae
1156 489 1320 516 coronae
1349 479 1630 526 pentetericae‚
1666 490 1765 528 quae

269 540 413 588 duplici
443 542 591 580 ratione
621 542 794 590 expediri
823 545 969 590 potest:
999 545 1066 579 aut
1093 541 1191 579 enim
1212 552 1287 578 uno
1308 541 1482 580 sollemni
1511 553 1587 580 non
1615 545 1674 580 est
1700 542 1766 581 ob-

266 603 346 641 lata
379 603 451 642 deo
487 616 630 644 corona
665 605 797 651 solita,
833 609 901 643 aut
928 604 1127 643 Deliorum
1161 603 1370 642 celebratio
1405 604 1523 643 semel
1557 608 1617 643 est
1649 605 1767 643 inter-

265 666 399 712 missa,
435 666 475 704 id
504 668 607 715 quod
634 667 726 705 mihi
754 668 865 715 longe
894 667 1206 705 verisimillimum
1233 665 1397 704 videtur.
1444 665 1539 704 Cum
1568 667 1669 705 enim
1696 677 1768 715 per

268 741 308 767 se
337 730 462 778 ipsum
491 731 585 769 satis
613 731 816 779 probabile
846 732 896 769 sit
924 731 1034 769 annis
1062 730 1149 775 illis,
1180 729 1319 778 quibus
1347 733 1436 768 ante
1461 728 1615 768 Thebas
1643 739 1668 767 a
1693 728 1765 766 Pe-

268 791 400 839 lopida
427 791 613 831 liberatas
641 793 809 831 maxima
843 792 915 830 fuit
949 797 1054 831 terra
1081 793 1253 840 marique
1282 790 1672 830 Lacedaemoniorum
1700 802 1767 840 po-

267 854 407 900 tentia,
444 858 482 892 et
515 855 838 904 amphictyoniam
868 855 1055 894 deliacam
1082 854 1387 902 redintegratam
1421 853 1547 892 denuo
1575 853 1764 902 dilapsam

265 920 303 954 et
331 915 514 955 festorum
542 918 840 957 celebrationem
871 930 955 957 esse
984 919 1207 966 neglectam,
1236 918 1385 957 tollitur
1412 917 1534 956 omnis
1562 915 1766 964 dubitatio,

266 980 297 1017 si
334 991 500 1018 marmor
534 980 802 1020 Sandwicense
839 982 1056 1020 accuratius
1092 981 1335 1028 inspicimus3
1370 990 1457 1018 nam
1491 979 1555 1017 hic
1581 979 1717 1017 titulus
1744 988 1768 1017 a

267 1042 380 1080 solita
408 1053 543 1081 norma
570 1044 762 1082 rationum
792 1044 971 1091 omnium,
999 1055 1076 1081 non
1105 1043 1227 1081 solum
1248 1042 1298 1081 ab
1318 1041 1652 1090 amphictyonibus
1679 1053 1767 1090 per-

266 1106 509 1152 scriptarum,
530 1109 734 1154 tantopere
753 1107 949 1153 abhorret,
978 1110 1032 1153 ut,
1057 1106 1131 1144 nisi
1156 1105 1290 1144 horum
1317 1106 1611 1153 magistratuum
1630 1105 1766 1143 seriem

265 1168 521 1216 interruptam
552 1179 635 1206 esse
665 1170 869 1207 statuimus
897 1172 986 1207 ante
1015 1168 1140 1215 illum,
1175 1179 1199 1206 a
1232 1179 1308 1216 quo
1336 1167 1486 1207 orditur
1512 1167 1667 1214 titulus,
1701 1178 1768 1206 an-

265 1241 373 1277 num,
411 1230 597 1278 explicari
632 1231 736 1269 nullo
771 1230 883 1269 modo
918 1231 1057 1278 possit:
1094 1229 1162 1268 sed
1198 1229 1271 1268 hoc
1305 1228 1539 1268 commodius
1573 1241 1768 1278 exponere

265 1292 356 1330 licet
384 1293 422 1330 in
450 1293 535 1340 ipso
562 1292 635 1332 hoc
662 1293 775 1331 titulo
804 1292 1091 1341 pertractando,
1119 1292 1170 1331 ad
1198 1304 1310 1341 quem
1338 1293 1414 1331 iam
1440 1296 1611 1331 transeo.

369 1354 542 1393 Marmor
562 1356 841 1403 Sandwicense,
871 1355 974 1404 quod
994 1357 1146 1404 saepius
1167 1357 1242 1394 iam
1261 1359 1376 1394 antea
1403 1354 1569 1402 laudavi,
1597 1355 1663 1394 diu
1691 1356 1767 1394 iam

267 1421 411 1464 notum,
440 1429 564 1466 nuper
591 1430 681 1457 vero
710 1418 874 1457 frustulo
902 1430 978 1457 non
1003 1419 1058 1456 ita
1077 1429 1196 1467 parvo
1224 1430 1248 1457 a
1266 1418 1461 1457 Koehlero
1480 1417 1583 1457 edito
1602 1421 1768 1466 auctum,

265 1481 437 1519 continet
464 1493 526 1520 res
562 1482 610 1520 ab
639 1481 974 1530 amphictyonibus
1008 1493 1079 1530 per
1107 1481 1421 1529 quadriennium,
1449 1479 1553 1528 quod
1581 1483 1641 1519 est
1666 1481 1768 1520 inter

265 1542 434 1582 Calleam
470 1548 509 1582 et
543 1543 783 1584 Socratidem
811 1544 1067 1584 Athenienses
1101 1543 1307 1583 archontes
1344 1541 1419 1589 (Ol.
1449 1547 1517 1590 99,
1546 1547 1717 1591 4-100,
1745 1547 1768 1582 3

358 1711 401 1755 1⁴)
427 1709 493 1744 Vel
519 1710 639 1754 potius
670 1720 735 1754 per
766 1710 889 1744 ambos
920 1715 956 1744 et
980 1708 1200 1744 Demostrati
1235 1711 1270 1743 et
1293 1707 1466 1752 Antigoni
1498 1716 1610 1742 annos
1634 1707 1671 1743 in
1695 1717 1768 1742 ma-

263 1769 416 1813 gistratu
441 1772 734 1812 permanserunt,
761 1772 800 1802 ut
825 1767 1090 1802 demonstratur
1114 1765 1217 1801 initio
1242 1765 1354 1801 tituli:
1387 1764 1477 1798 τάδε
1511 1763 1677 1809 ἔπραξαν
1704 1764 1767 1806 ἀμ-

263 1825 457 1869 φικτύονες
482 1845 519 1850 -
544 1845 579 1850 -
604 1845 643 1851 -
668 1846 701 1850 -
725 1845 769 1850 --
793 1824 901 1870 μέχρι
915 1822 1152 1868 Ἀντιπάτρου
1178 1822 1308 1858 collato
1327 1832 1407 1857 cum
1423 1821 1553 1866 verbis,
1578 1831 1671 1866 quae
1696 1826 1768 1857 sta-

262 1883 326 1917 tim
353 1887 433 1927 post
457 1882 602 1917 nomina
626 1882 918 1927 amphictyonum
943 1881 1145 1927 perscripta
1169 1884 1384 1924 sequuntur:
1416 1879 1594 1925 Λήμματα
1618 1878 1676 1912 ἐπὶ
1702 1879 1767 1923 Δη·

261 1939 475 1983 μοστράτου
501 1959 542 1965 -
569 1939 866 1974 administrarunt
895 1949 1016 1975 sacras
1042 1938 1215 1984 pecunias
1246 1937 1317 1972 iam
1342 1937 1570 1972 Demostrato
1594 1935 1769 1971 archonte

263 1996 325 2031 sed
357 2007 426 2031 non
460 2000 598 2041 antea),
630 1996 758 2031 deinde
788 1996 987 2040 Antigono,
1018 2006 1082 2041 per
1107 1995 1252 2030 tertium
1283 1999 1320 2029 et
1350 1998 1517 2038 quartum
1545 1993 1768 2039 Olympiadis

261 2055 304 2089 97
331 2063 452 2088 annos.
490 2053 547 2088 Ex
573 2058 783 2097 argumento
801 2053 909 2097 tituli,
932 2053 1084 2088 maxime
1108 2052 1219 2088 laceri
1244 2062 1315 2087 non
1332 2051 1446 2087 multa
1461 2051 1649 2087 discimus:
1673 2061 1767 2087 com-

263 2116 503 2145 memorantur
529 2115 565 2145 et
595 2110 787 2145 fundorum
812 2110 1008 2146 locationes
1040 2116 1076 2145 et
1106 2120 1237 2145 usurae
1266 2119 1483 2155 perpensae,
1516 2114 1709 2145 occurrunt
1732 2113 1769 2145 et

263 2167 448 2202 civitatum
474 2167 620 2202 nomina
642 2188 686 2193 —
714 2168 792 2212 Syri
819 2173 854 2203 et
878 2168 963 2202 Pari
988 2188 1031 2194 —
1058 2172 1094 2203 et
1119 2168 1338 2213 privatorum
1368 2167 1552 2203 hominum
1577 2165 1768 2213 (Πασικλῆς

266 2221 419 2269 ηήνιος]
446 2224 650 2269 appellatur
675 2225 783 2260 etiam
809 2225 844 2259 in
871 2225 908 2260 C.
925 2225 950 2259 1.
965 2226 1008 2260 A.
1031 2226 1136 2260 814¹»
1163 2225 1225 2259 lin.
1247 2228 1287 2260 12
1312 2229 1348 2260 et
1371 2224 1464 2260 Bull.
1493 2224 1526 2260 d.
1551 2224 1649 2260 Corr.
1673 2223 1766 2259 Heu.

262 2281 354 2326 vm,
381 2292 414 2325 p.
431 2283 509 2325 317,
535 2282 594 2316 lin.
627 2285 681 2326 ¹93
708 2282 906 2327 Hypsocles
923 2282 1049 2317 Delius
1075 2287 1111 2317 et
1134 2282 1193 2317 hic
1218 2287 1254 2317 et
1276 2282 1311 2317 in
1329 2292 1504 2318 marmore
1523 2280 1765 2318 Sandwicensi

262 2338 472 2383 saepissime
505 2339 732 2384 nominatur).
790 2339 886 2374 Inter
917 2339 1187 2384 amphictyones
1219 2339 1352 2384 legitur
1389 2350 1517 2375 nomen
1548 2338 1766 2384 Thrasybuli

262 2396 459 2432 Thrasonis
485 2396 506 2430 s.
534 2396 758 2440 Collytensis,
785 2396 845 2440 qui
873 2397 958 2440 quin
983 2397 1076 2431 idem
1101 2397 1210 2431 fuerit
1234 2401 1342 2441 atque
1368 2397 1422 2431 vir
1445 2397 1651 2432 notissimus
1675 2396 1765 2431 mul—

262 2459 408 2497 tumque
434 2453 469 2487 in
495 2453 681 2497 republica
700 2458 861 2488 versatus
887 2453 993 2488 huius
1011 2453 1164 2489 nominis
1190 2459 1226 2489 et
1250 2454 1334 2498 pagi
1360 2453 1416 2499 (de
1435 2465 1505 2498 quo
1522 2454 1585 2490 cfr.
1604 2454 1765 2498 Schafer,

263 2510 522 2544 Demosthenes
547 2510 573 2553 I,
599 2521 631 2553 p.
662 2512 755 2554 128),
788 2510 930 2545 minime
963 2510 1096 2545 dubito.
1127 2531 1164 2536 —
1192 2510 1358 2546 Ceterum
1389 2510 1487 2546 aliud
1513 2511 1622 2546 etiam
1646 2515 1766 2546 exstat

262 2566 356 2601 tituli
383 2566 637 2610 fragmentum,
671 2566 765 2610 quod
791 2566 835 2601 ob
861 2567 1060 2611 scripturae
1086 2567 1261 2602 rationem
1294 2567 1339 2602 ad
1366 2567 1507 2603 initium
1540 2567 1660 2612 quarti
1685 2577 1762 2603 sae-

261 2623 332 2658 culi
358 2623 558 2658 Homollius
583 2623 722 2658 rettulit
747 2623 851 2667 (Bull.
877 2623 909 2659 d.
937 2625 1034 2660 Corr.
1061 2623 1153 2660 Heu.
1178 2624 1276 2670 vm,
1301 2635 1334 2670 p.
1352 2626 1513 2670 soa—4),
1540 2623 1604 2661 sed
1629 2624 1763 2661 nullius

263 2684 317 2716 est
341 2680 520 2715 momenti.
