1979 3326
739 296 1023 336 „61-

128 425 301 472 aliasque
328 423 492 472 privatis
521 422 670 469 aliquot
698 419 915 458 hominibus
945 421 1096 456 mutuas
1126 416 1237 454 datas
1267 419 1397 454 cetera
1423 416 1551 452 omnia
1570 415 1634 451 de-

127 486 425 524 monstravimus
455 495 538 522 esse
568 493 738 531 expensa
759 480 808 519 ad
828 481 1010 518 sollemne
1032 479 1318 527 quinquennale
1341 477 1634 516 celebrandum:

128 549 229 588 unde
258 551 367 597 patet
388 558 534 585 omnem
557 549 749 593 sumptum
772 543 1038 592 quotidianum
1058 542 1097 578 in
1117 540 1309 579 sacrificia
1330 540 1379 577 τὰ
1398 539 1500 576 κατὰ
1521 540 1634 589 μῆνα,

129 611 305 651 aedificia
333 622 446 650 sacra
473 610 627 657 aliaque
655 607 875 646 huiusmodi
903 605 1120 644 faciendum
1148 606 1397 652 magistratus
1425 604 1634 641 Athenien—

128 686 191 713 ses
219 687 289 723 per
315 675 388 713 hoc
414 673 622 711 triennium
650 671 774 709 Deliis
810 669 1052 717 permisisse,
1090 668 1151 705 cui
1185 678 1301 714 pares
1338 678 1422 704 esse
1457 678 1531 703 non
1568 677 1635 713 po-

127 739 305 785 tuissent,
332 738 407 775 nisi
434 736 624 785 pecuniae
652 735 699 772 iis
729 736 858 771 essent
880 731 1069 780 quaedam
1090 741 1224 769 sacrae
1245 731 1478 778 assignatae.
1527 729 1637 766 Haec

129 801 257 838 omnia
284 802 423 848 quarto
451 798 518 836 illo
546 808 666 844 anno,
703 807 778 844 quo
807 806 946 832 novum
975 793 1289 841 amphictyonum
1318 793 1523 840 collegium
1559 803 1637 829 ma-

128 864 330 912 gistratum
358 862 462 908 iniit,
497 863 731 899 commutata
765 858 957 895 videmus:
997 856 1046 895 ad
1081 868 1146 894 eos
1181 857 1254 894 iam
1297 859 1356 893 est
1392 855 1520 894 delata
1555 859 1638 892 tota

128 937 257 964 rerum
285 936 483 963 sacrarum
503 923 801 968 administratio,
830 922 870 958 in
891 932 1002 959 suum
1021 921 1216 968 recipiunt
1236 920 1430 957 aerarium
1452 919 1636 965 pecunias

130 1000 262 1028 omnes
291 988 363 1026 deo
391 986 617 1033 redeuntes,
655 997 701 1023 ex
731 984 862 1023 eodem
891 984 1085 1031 impensas
1115 981 1368 1030 suppeditant
1404 986 1441 1019 et
1478 991 1637 1028 magnas

130 1055 169 1089 et
194 1062 336 1099 parvas
364 1049 414 1088 ad
443 1047 633 1087 sacrificia
660 1050 858 1085 menstrua
884 1045 1081 1092 facienda,
1117 1045 1167 1084 ad
1195 1045 1410 1083 mercedem
1450 1045 1636 1082 ministris

129 1113 307 1160 dandam,
336 1112 387 1151 ad
413 1123 562 1150 murum
591 1110 782 1159 quendam
813 1109 1099 1156 exstruendum,
1130 1108 1179 1146 ad
1207 1107 1438 1155 aedificium,
1473 1109 1533 1145 cui
1563 1104 1637 1143 ἐπι-

130 1175 289 1213 στάσιον
316 1187 455 1214 nomen
483 1178 561 1221 est,
598 1173 917 1219 restaurandum,
953 1171 1003 1210 ad
1031 1172 1108 1210 alia
1136 1171 1302 1219 denique
1338 1171 1526 1219 quaedam
1562 1182 1637 1208 non

129 1241 224 1279 satis
252 1243 369 1278 certa.
379 1239 428 1286 ³³)

233 1302 293 1341 De
319 1302 496 1351 pecuniis
525 1304 562 1339 et
591 1301 761 1349 acceptis
797 1304 836 1338 et
872 1300 1052 1347 expensis
1081 1310 1157 1337 non
1192 1299 1352 1336 multum
1387 1298 1509 1337 habeo
1546 1298 1633 1335 novi

130 1365 232 1414 quod
261 1365 418 1404 afferam
445 1368 536 1413 post
562 1364 910 1402 luculentissimum
929 1362 1117 1401 Boeckhii
1146 1360 1537 1407 commentarium334)
1568 1360 1636 1398 sed

130 1439 205 1466 non
235 1432 324 1466 sunt
344 1427 715 1476 praetermittendae
735 1427 831 1465 haec
850 1427 1034 1472 rationes,
1065 1436 1149 1463 cum
1177 1436 1294 1462 unum
1318 1425 1390 1463 hoc
1420 1428 1544 1462 exstet
1573 1423 1638 1461 do-

130 1495 348 1530 cumentum
365 1491 655 1529 Atheniensium
677 1490 1021 1528 administrationis
1042 1489 1252 1536 integrum3
1273 1492 1312 1526 et
1331 1488 1432 1525 inter
1453 1487 1636 1525 Boeckhii

130 1565 331 1603 meamque
360 1554 577 1593 disserendi
611 1555 798 1592 rationem
827 1553 900 1590 hoc
934 1553 1098 1590 maxime
1127 1552 1307 1597 interest,
1343 1550 1445 1598 quod
1481 1551 1538 1587 vir
1572 1550 1636 1587 ille

130 1616 375 1655 doctissimus
403 1617 530 1665 ipsum
558 1617 671 1656 modo
698 1617 852 1654 titulum
874 1616 1069 1664 explicare
1099 1615 1173 1652 sibi
1200 1614 1418 1662 proposuit,
1448 1625 1517 1661 ego
1546 1624 1638 1651 vero

130 1691 179 1718 ex
208 1690 254 1718 eo
282 1680 423 1718 aerarii
451 1681 553 1719 sacri
580 1681 684 1718 vices
712 1680 910 1717 illustrare
939 1678 1087 1716 studeo.

231 1743 340 1781 Inter
366 1744 500 1791 templi
527 1742 674 1781 reditus
702 1743 867 1790 primum
903 1742 1029 1779 locum
1064 1740 1242 1778 obtinent
1276 1751 1417 1777 usurae
1453 1739 1635 1786 pecunia-

129 1815 233 1852 rum,
263 1815 362 1853 quae
391 1808 547 1842 mutuae
577 1804 771 1842 dabantur
804 1803 864 1841 vel
892 1802 1112 1840 civitatibus
1141 1803 1201 1840 vel
1229 1802 1447 1840 hominibus
1476 1803 1638 1849 privatis

130 1879 176 1905 ea
205 1867 450 1915 condicione,
484 1871 527 1905 ut
554 1878 624 1915 pro
661 1867 832 1904 centenis
869 1865 1060 1904 drachmis
1098 1867 1304 1912 quotannis
1342 1865 1460 1903 denas
1496 1865 1638 1912 pende-

131 1934 219 1968 rent
252 1929 412 1976 (τόκους
440 1927 734 1977 ἐπιδεκάτους),
770 1933 859 1977 post
887 1930 1056 1977 quinque
1091 1940 1182 1966 vero
1212 1939 1332 1966 annos
1369 1929 1494 1975 ipsum
1523 1933 1639 1976 caput

129 1992 356 2031 redderent:
393 1994 488 2031 haec
516 1994 614 2031 enim
646 2004 665 2030 e
693 1992 909 2031 rationibus
939 1990 1095 2029 Cratete
1126 1990 1312 2028 archonte
1348 1991 1579 2037 conscriptis
1617 2003 1640 2028 a

133 2056 328 2094 Boeckhio
357 2055 607 2104 explicata³⁵)
636 2066 712 2094 non
739 2055 873 2093 dubito
903 2054 951 2093 ad
972 2055 1095 2092 nostri
1114 2054 1216 2091 tituli
1238 2058 1390 2100 tempus
1410 2053 1634 2100 transferre,

131 2119 310 2168 quoniam
338 2119 499 2167 antiqua
526 2119 609 2167 lege
637 2117 760 2157 fenori
789 2117 904 2156 datae
926 2117 1107 2154 dicuntur
1126 2114 1398 2164 pecuniae.³⁶).
1443 2114 1635 2154 Pecuniae

132 2192 224 2220 vero
251 2185 407 2220 mutuae
440 2183 646 2220 maximam
673 2185 823 2230 partem
859 2192 882 2218 a
911 2179 1131 2218 civitatibus
1168 2190 1252 2217 esse
1292 2182 1481 2226 sumptam
1515 2179 1638 2226 iisque

131 2245 296 2292 exteris,
337 2256 414 2284 non
447 2246 570 2293 magis
605 2249 665 2283 est
700 2244 803 2293 quod
839 2245 1039 2290 miremur,
1082 2253 1196 2290 quam
1232 2243 1270 2279 in
1306 2252 1438 2279 earum
1481 2253 1639 2280 numero

223 2411 270 2454 ³³)
295 2411 433 2446 C.I.A.
459 2411 504 2456 H,
529 2413 634 2456 814¹»,
659 2410 720 2445 lin.
739 2413 869 2454 26sqq.
1002 2410 1049 2452 34)
1075 2407 1324 2444 Staatshaush.
1352 2407 1383 2441 d.
1411 2407 1542 2442 Athen.
1569 2407 1639 2452 11³,

130 2480 164 2514 p.
183 2468 271 2504 68ff.
432 2468 479 2513 ³⁵)
504 2467 670 2513 Boeckh,
703 2467 912 2510 Erklarung
943 2466 1042 2501 einer
1067 2465 1246 2500 attischen
1273 2464 1445 2500 Urkunde
1473 2471 1537 2499 etc.
1566 2465 1637 2507 (Kl.

133 2524 316 2561 Schriften
333 2524 373 2560 B.
388 2524 446 2567 V.)
465 2524 486 2570 ξ
509 2527 558 2560 13.
651 2525 698 2567 ³(3)
720 2521 812 2557 Τάδε
830 2524 1068 2564 ἐδανείσαμεν
1088 2522 1156 2555 ἐπὶ
1175 2523 1273 2560 ταῖς
1291 2521 1449 2560 αὐταῖς
1475 2533 1525 2554 συ
1538 2522 1639 2566 νθή-

130 2595 227 2622 καις
252 2582 425 2626 καθάπερ
449 2582 482 2616 οἱ
507 2580 603 2615 ἄλλοι
629 2582 674 2615 τὰ
700 2582 783 2624 ἱερὰ
805 2580 980 2626 χρήματα
1005 2581 1069 2613 τοῦ
1091 2577 1307 2616 ’Λπόλλωνος
1334 2580 1400 2611 τοῦ
1428 2579 1555 2622 Δηλίου
1582 2579 1635 2610 δε-

131 2640 359 2681 δανεισμένοι
383 2638 468 2673 elci:
495 2638 532 2673 C.
547 2638 572 2672 Ι.
587 2639 631 2673 A.
655 2638 706 2682 11,
732 2639 844 2682 8141’,
868 2637 929 2671 lin.
951 2639 992 2672 10
1016 2642 1051 2671 et
1076 2636 1096 2670 l.
1121 2638 1175 2672 37.
1227 2635 1279 2669 De
1311 2635 1378 2669 hac
1404 2635 1499 2678 lege,
1533 2645 1639 2678 quam

130 2701 272 2732 constat
296 2695 404 2731 etiam
428 2701 555 2740 postea
580 2695 734 2730 valuisse
760 2695 894 2730 liberae
921 2694 1142 2738 reipublicae
1159 2699 1319 2737 tempore
1345 2693 1407 2727 cfr.
1435 2702 1527 2736 quae
1546 2692 1640 2727 infra

131 2753 370 2800 disputantur.
