1957 3293
854 302 1160 343 —166-

263 429 413 467 duobus
447 433 534 476 post
575 428 776 466 Demarem
815 428 1043 475 magistratu
1082 425 1251 464 functum
1292 446 1342 453 —
1384 435 1471 463 nam
1505 424 1566 463 bis
1599 423 1768 463 occurrit

266 493 348 529 eius
386 502 521 528 nomen
560 492 597 528 in
632 491 718 537 ipsa
746 490 816 527 bac
844 500 1045 527 usurarum
1075 488 1209 526 tabula
1236 509 1284 516 —
1313 498 1361 525 ne
1389 487 1583 525 dimidiam
1613 485 1767 535 quidem

265 560 414 602 partem
451 555 638 602 pecuniae
676 553 828 590 debitae
859 551 1083 599 exigerent?
1139 551 1284 589 Vereor
1311 551 1459 598 potius,
1489 561 1536 587 ne
1563 550 1650 598 quis
1677 547 1770 587 mihi

267 617 411 655 obiciat
430 617 547 653 multo
569 617 748 653 maiorem
771 627 855 652 esse
876 615 974 652 banc
1002 614 1103 652 mille
1133 613 1400 651 drachmarum
1429 623 1627 659 summam,
1655 621 1770 660 quam

265 684 308 718 ut
335 691 425 717 vera
454 679 639 716 videatur.

375 741 512 779 Omnia
532 752 643 787 nunc,
674 751 772 788 quae
794 740 999 788 quotannis
1020 739 1211 787 Apollinis
1231 738 1374 786 templo
1401 738 1564 776 rediisse
1593 736 1772 784 vidimus,

270 807 309 842 in
343 816 419 841 una
455 804 587 842 tabula
623 804 912 850 perspicuitatis
942 803 1066 849 gratia
1093 801 1331 849 perscribam
1360 804 1399 839 et
1426 811 1609 838 summam
1641 809 1773 838 eorum

269 866 516 915 computabo:

593 926 809 977 τραπεζῶνῑ
949 931 1021 964 200
1042 927 1098 964 dr.

594 988 713 1039 ὅρωνε
974 994 1022 1027 40
1042 988 1099 1026 dr.

303 1028 337 1065 A
366 1027 518 1063 civitate
564 941 640 1104 [rb
667 1050 896 1102 χορηγικόνῑ
953 1056 1026 1089 486
1047 1050 1104 1088 dr.
1134 1055 1157 1088 4
1177 1050 1237 1089 Ob.

273 1102 342 1138 per
369 1091 547 1137 quaesto·
596 1127 640 1150 r:
671 1113 728 1150 ἰὸν
757 1112 830 1150 ἀπὸ
1530 1095 1561 1123 c.
1584 1086 1682 1122 2046
1703 1081 1760 1119 dr.

293 1163 354 1190 res
383 1150 529 1188 tradita
564 1116 666 1273 1⁴29
704 1190 725 1198 ρ
751 1190 761 1198 q
798 1138 806 1149 ⁴
844 1176 863 1184 ,.
898 1188 905 1196 ‚
1086 1187 1093 1195 ,

599 1190 674 1214 των
709 1189 905 1228 ..εχνιτωι
981 1180 1026 1214 16
1048 1175 1104 1212 di.

599 1240 764 1290 ἀγυρᾶςῑ
932 1243 1027 1276 1303
1049 1237 1106 1275 dr.
1136 1237 1213 1280 3¹s2
1232 1236 1292 1275 Ob.

599 1310 796 1347 domorum
812 1309 924 1346 locat.
941 1318 1102 1355 pensae:
1197 1309 1288 1344 1711
1308 1306 1365 1344 dr.
1387 1310 1408 1343 5
1425 1305 1486 1344 ob.

298 1375 550 1414 Locationum
567 1385 579 1452 ,
676 1393 725 1399 —
848 1393 897 1398 —
955 1382 1030 1408 non
1047 1370 1213 1408 solutae:
1244 1374 1291 1406 24
1307 1368 1364 1406 dr.
1505 1303 1524 1452 l

400 1441 436 1474 et
601 1435 806 1472 fundorum
836 1434 1067 1471 locationes:
1193 1435 1292 1469 6980
1310 1431 1367 1468 dr.
1393 1436 1408 1469 1
1427 1430 1487 1469 ob.
1537 1441 1569 1468 c.
1590 1432 1689 1468 9159
1709 1427 1767 1466 dr.

298 1500 538 1546 vectigalium
567 1458 582 1596 1
603 1497 805 1543 vectigalia
834 1506 971 1543 pensa:
1221 1498 1295 1532 362
1312 1493 1368 1531 dr.
1503 1455 1523 1595 Ι

680 1580 728 1586 -
846 1569 921 1595 non
950 1557 1093 1594 soluta:
1246 1560 1290 1594 81
1311 1555 1368 1593 dr.

604 1632 826 1669 pensarum:
1218 1623 1289 1656 421
1313 1618 1369 1656 dr.

308 1688 523 1726 Usurarum
567 1630 584 1790 {
605 1696 679 1722 non
709 1684 940 1721 solutarum:
1242 1686 1290 1720 80
1311 1680 1368 1718 dr.
1506 1621 1571 1789 }c.
1597 1683 1693 1718 1000
1713 1678 1770 1717 dr.

603 1747 884 1784 interciderunt
912 1757 988 1784 non
1017 1745 1181 1793 amplius
1217 1750 1290 1783 500
1311 1743 1367 1781 dr.

337 1812 455 1849 Varia
484 1809 672 1858 quaedam
701 1810 866 1847 minora:
1541 1815 1572 1843 c.
1621 1808 1695 1842 230
1714 1802 1772 1841 dr.

337 1874 546 1912 Redituum
578 1874 745 1911 omnium
776 1883 1008 1910 annuorum:
1387 1870 1543 1908 circiter
1573 1872 1694 1907 12435
1714 1865 1772 1904 dr-

395 1944 592 1989 lmpcnsas
627 1942 701 1979 iam
738 1940 815 1977 dixi
846 1951 930 1978 esse
960 1938 1109 1976 duobus
1138 1937 1329 1986 capitibus
1358 1937 1612 1985 perscriptas:
1648 1931 1793 1972 ἀναλώ-

284 2019 389 2054 ματα
429 2004 484 2046 εἰς
519 2003 567 2040 τὰ
606 2003 707 2040 κατὰ
741 2003 843 2053 μῆνα
879 2010 917 2040 et
951 2001 1010 2043 εἰς
1045 1999 1093 2037 τὰ
1127 1999 1229 2037 κατὰ
1265 1999 1407 2050 νόμους
1446 1997 1510 2036 καὶ
1550 1997 1792 2049 ψηφίσματα.

291 2069 423 2106 Primo
445 2069 572 2115 capite
594 2064 908 2110 continentur‚⁵²)
939 2075 1037 2111 quae
1057 2063 1106 2101 ad
1135 2061 1324 2101 sacrificia
1353 2065 1548 2100 menstrua
1574 2059 1795 2098 necessaria

291 2136 421 2170 crant:
461 2142 600 2178 porcus
637 2130 779 2176 templo
809 2127 1009 2165 lustrando
1039 2131 1153 2168 (4—5
1183 2125 1277 2172 din),
1307 2125 1411 2173 ligna
1439 2127 1606 2170 (10—25
1634 2122 1794 2167 talenta,

291 2207 363 2243 pro
387 2194 545 2240 singulis
567 2193 793 2241 plerumque
819 2191 890 2234 1¹s2
910 2189 965 2227 dr.
987 2194 1161 2237 pensae),
1190 2187 1378 2226 carbones
1407 2191 1548 2230 (9—18
1569 2185 1657 2230 dn),
1686 2194 1797 2223 coro-

291 2269 364 2294 nae
389 2255 530 2293 virides
552 2261 589 2297 (4
613 2254 697 2298 dn),
720 2254 842 2291 oleum
872 2251 988 2303 (χόες
1017 2251 1098 2289 seni
1128 2250 1186 2288 vel
1210 2248 1411 2300 μετρητής
1437 2262 1481 2278 =
1510 2252 1533 2287 8
1551 2247 1612 2286 vel
1644 2251 1688 2286 16
1708 2247 1795 2291 dn),

295 2320 411 2357 taeda
440 2317 573 2367 (πεύκη
604 2316 792 2367 κληματίς
820 2329 861 2344 =
892 2320 914 2352 4
942 2314 1057 2352 oboli
1087 2335 1136 2340 —
1165 2312 1260 2350 haec
1288 2312 1420 2350 eadem
1448 2313 1653 2350 recurrunt
1680 2309 1798 2348 omni-

292 2382 364 2419 bus
400 2381 593 2418 mensibus
630 2381 776 2426 (itaque
812 2382 850 2415 et
886 2377 1011 2425 pretia
1047 2381 1083 2413 et
1121 2375 1293 2423 pondera
1334 2376 1373 2412 in
1409 2374 1517 2412 uncis
1551 2372 1685 2412 addita
1718 2383 1797 2411 non

295 2455 436 2489 annua,
466 2443 533 2481 sed
563 2447 759 2480 menstrua
787 2444 913 2484 sunm
942 2442 1145 2487 praeterea
1165 2438 1280 2476 semel
1300 2437 1396 2485 picis
1411 2434 1610 2486 μετρηταί
1621 2434 1798 2474 undecim

296 2515 354 2548 (=
384 2512 431 2545 99
453 2506 549 2552 (ln),
580 2507 735 2554 saepius
764 2505 980 2553 lampade&
1010 2506 1222 2551 unguenta,
1251 2501 1320 2547 sal,
1349 2503 1512 2546 acetum,
1539 2499 1681 2546 vinum,
1709 2497 1798 2536 alia.

298 2571 469 2617 Quorum
500 2570 665 2607 omnium
698 2581 845 2607 summa
873 2572 930 2606 est
959 2573 1028 2606 851
1053 2567 1109 2605 dr.
1139 2565 1238 2611 fere3
1267 2563 1335 2602 sed
1363 2573 1447 2601 cum
1475 2561 1660 2600 nonnulla
1683 2561 1801 2599 inter—

389 2700 435 2738 52)
461 2699 604 2733 Demar.
631 2697 727 2732 arch.
752 2702 818 2731 rat.
843 2696 903 2731 lin.
925 2698 1102 2731 180—195
1129 2700 1165 2730 ct
1189 2692 1360 2729 Homollii
1385 2690 1676 2727 commentarius:
1707 2688 1801 2725 Ball.

299 2757 331 2791 d.
358 2757 455 2791 Corr.
483 2755 575 2791 Heli.
602 2755 662 2800 VI,
688 2765 721 2799 p.
740 2756 885 2790 80—82.
