1979 3326
755 295 1032 336 -27-

137 420 330 470 Attingeri
358 421 602 467 sententiam,
633 431 747 468 quam
776 419 928 468 quidem
957 419 1049 457 mihi
1075 418 1373 468 impugnandam
1393 430 1470 457 non
1489 429 1647 458 censeo:

139 484 205 533 qui
234 485 334 522 enim
362 483 502 521 Iustini
529 484 772 521 narrationes
800 482 1042 530 Diodorique
1070 481 1376 520 inextricabilem
1405 482 1510 520 illam
1538 481 1647 519 chro-

137 546 329 594 nologiam
358 546 516 584 disertis
544 545 838 592 inscriptionum
865 545 1096 582 testimoniis
1126 546 1345 592 anteponit,
1378 545 1439 582 vel
1467 545 1507 582 in
1534 556 1648 593 repu-

137 609 240 648 blica
267 608 514 655 Atheniensi,
549 613 592 646 ut
618 609 732 646 unius
761 608 922 646 Periclis
951 607 1074 646 bonae
1103 607 1193 646 fidei
1220 620 1292 656 per
1320 620 1388 647 sex
1417 620 1538 647 annos
1566 619 1648 647 cre-

138 672 323 711 derentur
362 675 421 710 tot
461 671 568 710 milia
607 672 814 719 talentum,
854 670 938 709 fieri
972 671 1145 719 potuisse
1183 675 1222 709 et
1256 672 1452 710 existimat
1488 676 1526 709 et
1561 672 1647 710 aliis

138 735 253 773 etiam
288 733 525 783 persuadere
561 732 782 779 conatur,⁹)
817 744 902 771 cum
936 732 1002 770 illo
1038 744 1113 770 non
1147 732 1239 770 mihi
1275 736 1333 770 est
1360 732 1647 781 disputandum.

140 797 477 846 Supervacaneum
507 808 659 844 quoque
689 796 865 834 existimo
891 795 1136 843 investigare,
1167 795 1306 843 quibus
1325 796 1542 835 rationibus
1562 808 1648 844 per-

139 864 265 899 motus
293 860 460 908 populus
496 860 747 898 Atheniensis
776 859 967 897 aerarium
1004 858 1101 896 Delo
1129 858 1304 897 Athenas
1337 859 1648 898 transferendum

138 923 372 962 decreverit:
400 924 665 972 gravissimam
693 922 813 960 fuisse
842 933 996 960 causam
1026 922 1127 959 inter
1155 934 1297 969 omnes,
1329 922 1466 970 credo,
1497 926 1649 961 constat

135 987 289 1036 imperii
316 988 356 1025 in
383 987 508 1026 socios
537 985 713 1025 firmandi
741 985 970 1033 tutandique
999 986 1212 1034 consilium,
1243 986 1382 1034 quibus
1411 997 1501 1024 vero
1530 986 1648 1024 ratio-

134 1051 268 1099 nibus,
295 1052 420 1089 minus
449 1051 617 1098 magisve
647 1050 851 1098 speciosis,
880 1050 986 1087 illam
1017 1061 1124 1087 suam
1153 1049 1367 1098 imperandi
1396 1048 1648 1097 cupiditatem

135 1115 444 1163 praetexuerint‚
480 1113 574 1152 nihil
602 1113 675 1152 hoc
710 1124 802 1151 curo
833 1116 871 1151 et
898 1112 1048 1151 confido
1086 1114 1181 1151 satis
1210 1112 1371 1151 Periclis
1407 1112 1647 1160 aliorumque

133 1179 300 1227 ingenio,
328 1181 371 1216 ut
399 1178 544 1226 optima
572 1189 638 1216 eos
668 1177 909 1224 excogitasse
939 1175 1105 1214 credam.

237 1241 516 1280 Lamententur
553 1251 644 1279 sane
679 1240 855 1278 rhetores
893 1240 1047 1288 quidam
1083 1240 1233 1288 antiqui
1268 1243 1306 1277 et
1340 1239 1463 1277 nostri
1497 1239 1648 1287 aliquot

136 1305 219 1342 miti
261 1303 466 1343 admodum
507 1304 633 1342 animo
676 1303 845 1352 praediti
886 1303 932 1341 de
970 1303 1262 1342 Atheniensium
1296 1304 1335 1340 in
1377 1303 1502 1340 socios
1546 1302 1644 1339 iniu-

135 1369 243 1407 stitia
282 1366 517 1415 laudentque
554 1370 597 1404 ut
636 1367 894 1414 pulcherrime
936 1366 1079 1404 dictum
1121 1366 1304 1405 Aristidis
1345 1365 1518 1412 illudz10)
1566 1376 1646 1403 rem

135 1442 220 1470 esse
248 1430 550 1468 Atheniensibus
579 1431 846 1476 utilissimam,
874 1431 913 1468 in
943 1431 1068 1469 socios
1097 1431 1398 1468 iniustissimam.
1454 1428 1646 1476 Equidem

135 1498 174 1533 et
201 1493 410 1532 Aristidem
439 1493 576 1541 credo,
605 1494 715 1532 cuius
747 1506 790 1531 »e
818 1493 956 1541 fronte,
986 1494 1091 1532 velut
1119 1506 1138 1532 e
1169 1494 1275 1532 sulco
1303 1491 1514 1541 profundo,
1544 1492 1646 1530 altae

134 1557 390 1605 cogitationes
426 1557 666 1604 orirentur«,
704 1568 898 1605 nunquam
934 1557 1029 1595 haec
1064 1561 1140 1595 tam
1175 1558 1304 1604 inepte
1341 1556 1483 1593 dixisse
1514 1559 1553 1593 et
1580 1554 1647 1593 ad-

133 1621 253 1659 miror
280 1623 400 1658 totam
428 1619 529 1658 hauc
555 1620 792 1668 reipublicae
819 1621 1011 1668 gerendae
1039 1621 1242 1667 rationem,
1270 1619 1512 1668 praeclaram
1540 1619 1646 1656 illam

138 1682 368 1731 dignamque
405 1683 540 1721 summi
576 1683 647 1720 viri
683 1684 853 1731 ingenio:
889 1683 1034 1720 nullum
1071 1686 1130 1720 est
1158 1684 1257 1721 enim
1285 1683 1505 1730 imperium,
1544 1681 1646 1730 quod

136 1746 218 1784 sine
247 1746 379 1794 aliqua
405 1746 548 1785 iniuria
577 1747 853 1793 constituatur,
882 1747 1046 1794 nullum,
1077 1746 1178 1795 quod
1209 1747 1291 1784 sine
1320 1747 1449 1794 aliquo
1478 1747 1646 1794 partium

136 1808 377 1847 incommodo
404 1807 590 1853 firmetur,
621 1813 659 1848 et
686 1809 758 1847 fuit
787 1821 879 1848 sane
908 1810 980 1848 hoc
1007 1814 1159 1858 tempus
1189 1814 1228 1848 et
1254 1809 1494 1848 Athenarum
1523 1813 1561 1847 et
1589 1814 1646 1848 to-

137 1872 214 1909 tius
243 1871 432 1909 Graeciae
461 1872 776 1920 gloriosissimum
812 1884 857 1911 ac
886 1885 1048 1921 quocum
1087 1885 1235 1921 paucae
1264 1873 1527 1912 tantummodo
1563 1874 1646 1911 uni·

133 1946 270 1973 versae
306 1935 489 1974 historiae
523 1939 672 1974 aetates
706 1941 866 1985 possent
900 1937 1117 1985 comparari
1147 1959 1196 1963 —
1227 1937 1355 1975 conati
1390 1941 1479 1974 sunt
1514 1948 1645 1975 ornnes

134 1997 322 2036 Graeciae
352 1998 468 2036 urbes
497 2000 738 2047 populosque
768 2001 807 2037 in
836 2011 949 2038 unam
973 2001 1194 2038 societatem
1225 2001 1469 2047 coniungere,
1500 2000 1568 2038 sed
1599 2022 1638 2026 —

134 2058 318 2097 ἀνένευσε
348 2058 532 2110 Κρονίων.
588 2063 803 2101 Vereamur
839 2064 958 2110 igitur
993 2064 1232 2101 contumeliis
1269 2063 1462 2102 offendere
1492 2075 1645 2112 magno-

136 2134 221 2161 rum
259 2123 427 2162 virorum
455 2124 592 2163 Manes
626 2126 790 2164 iniustos
825 2138 890 2164 eos
920 2127 1178 2174 appellantes,
1216 2128 1281 2175 qui
1309 2127 1494 2175 pecunias
1523 2127 1644 2164 solum

134 2198 159 2225 a
185 2187 300 2225 sociis
328 2187 552 2236 exigebant,
583 2200 747 2238 corpora
784 2201 854 2228 sua
882 2202 954 2238 pro
982 2191 1058 2229 illis
1087 2190 1322 2230 obiiciebant
1350 2191 1561 2238 vitamque:
1603 2194 1646 2228 ut

135 2253 290 2288 taceant
323 2249 515 2299 homines,
550 2252 701 2300 lapides
737 2253 944 2301 loquentur
976 2277 1016 2280 -
1049 2255 1160 2292 testis
1197 2255 1261 2292 ille
1291 2254 1526 2292 clarissimus
1561 2254 1646 2292 illo-

133 2324 217 2352 rum
246 2316 399 2352 centum
434 2316 682 2364 septuaginta
710 2320 875 2364 septem,
913 2318 978 2365 qui
1006 2329 1083 2356 una
1111 2329 1131 2355 e
1159 2317 1263 2356 tribu
1298 2328 1374 2355 uno
1404 2328 1504 2356 anno
1534 2328 1644 2356 occu-

136 2375 374 2424 buerunt,¹¹)
402 2378 440 2415 in
469 2379 647 2427 sepulcro
674 2380 836 2428 positus.

237 2439 345 2478 Haec
373 2441 405 2478 si
434 2442 519 2490 quis
538 2453 616 2480 non
635 2442 685 2481 ad
704 2455 784 2481 rem
805 2444 1000 2491 pertinere
1021 2444 1244 2489 arbitretur,
1273 2447 1394 2482 errat:
1424 2445 1525 2482 inest
1545 2445 1643 2482 enim

135 2513 220 2540 cum
247 2503 287 2540 in
315 2502 412 2542 alios
441 2505 579 2550 socios,
608 2508 687 2542 tum
717 2505 755 2541 in
777 2504 909 2543 Delios
938 2506 995 2543 rei
1023 2505 1214 2553 gerendae
1243 2507 1405 2544 rationis
1434 2507 1644 2553 excusatio,

136 2577 253 2615 quum
285 2578 334 2604 ne
368 2571 458 2615 post
493 2568 684 2606 aerarium
722 2567 876 2616 quidem
906 2568 1003 2607 Delo
1038 2573 1211 2608 avectum
1242 2569 1497 2608 Athenienses
1527 2569 1644 2616 Apol-

227 2703 256 2749 9)
282 2703 462 2749 Attinger,
489 2703 679 2748 »Beitrage
697 2715 762 2739 zur
781 2703 909 2740 Gesch.
935 2716 1002 2740 von
1020 2705 1150 2741 Delos«
1178 2717 1211 2752 p.
1230 2706 1294 2742 eff.
1391 2706 1434 2750 ¹⁰)
1459 2703 1642 2740 Plutarch.

136 2759 286 2796 Aristid.
311 2771 390 2807 cap.
408 2763 463 2797 25.
603 2763 647 2806 ¹¹)
673 2761 710 2797 C.
730 2761 757 2797 1.
775 2762 819 2797 A.
844 2762 872 2807 1,
898 2765 975 2798 433.
