1979 3326
762 313 1070 354 —223—

156 446 216 467 '—-
247 441 307 476 est
331 437 553 483 ultimusfiff)
599 437 768 476 Dimidio
796 436 876 475 fere
906 438 1058 475 saeculo
1087 441 1175 485 post
1209 437 1330 475 tradit
1359 437 1570 476 Pausanias
1589 437 1666 476 De·

165 501 242 539 lum
272 503 390 538 totam
427 511 510 538 esse
539 499 730 538 desertam
767 504 928 548 excepto
964 499 1178 548 praesidio,
1216 500 1316 547 quod
1346 500 1599 539 Athenienses
1627 502 1666 538 in

165 563 327 600 insulam
361 563 513 601 mittere
541 568 837 608 consueverant,
874 574 997 610 neque
1026 573 1143 600 causa
1172 567 1248 608 est,
1287 573 1355 600 cur
1383 563 1430 601 de
1459 563 1530 601 hoc
1558 565 1666 602 testi-

167 626 294 664 monio
322 625 605 671 dubitemus.4⁵)
648 624 762 663 Certe
782 637 829 662 ne
857 626 896 662 in
916 625 1104 663 Hadriani
1126 625 1278 672 quidem
1300 625 1493 667 honorem.
1525 628 1588 674 qui
1610 631 1666 664 tot

166 686 361 726 beneficiis
395 688 651 726 Athenienses
687 688 869 726 affecerat
902 689 1096 736 tantisque
1132 688 1180 726 ab
1215 689 1262 726 iis
1297 701 1430 726 rursus
1461 694 1519 726 est
1546 689 1663 726 hono-

165 751 272 789 ribus
293 756 461 797 ornatus‚
482 751 570 789 Deli
592 756 757 789 statuam
786 751 901 789 ullam
921 752 1094 789 novimus
1114 752 1279 799 positam
1308 756 1357 798 et,
1388 752 1491 800 quod
1510 753 1665 789 maioris

166 813 330 854 fortasse
360 820 419 853 est
445 816 626 853 momenti
655 819 833 863 (possunt
861 815 958 852 enim
988 815 1089 852 tituli
1117 815 1258 852 iniuria
1284 816 1467 862 temporis
1497 827 1580 852 esse
1601 815 1664 852 de-

165 878 262 925 leti),
291 879 392 916 inter
419 881 478 916 tot
505 878 544 915 in
563 877 754 916 Herodem
777 878 943 916 Atticum
974 878 1116 915 collata
1135 889 1294 916 munera
1313 877 1523 916 honorifica
1543 890 1664 925 neque

166 941 378 980 sacerdotis
403 941 593 989 Apollinis
619 952 743 989 neque
763 938 992 991 ἐπεμελητυῦ
1014 941 1101 978 Deli
1121 946 1454 979 commemoratur:
1487 942 1662 978 nimirum

167 1007 237 1042 aut
250 1015 325 1042 non
345 1004 419 1041 iam
440 1003 645 1042 exstabant
664 1007 731 1041 aut
744 1004 886 1042 nullius
907 1007 1017 1041 erant
1036 1005 1290 1051 auctoritatis,
1306 1009 1349 1042 ut
1367 1004 1668 1052 dedignarentur

165 1067 237 1104 viri
257 1066 404 1105 nobiles
426 1078 472 1105 ea
493 1066 742 1114 expetereffi).
791 1067 889 1113 Quin
920 1068 1034 1105 etiam
1064 1067 1246 1105 traditum
1275 1072 1333 1105 est
1360 1068 1444 1115 ipso
1474 1067 1546 1105 hoc
1574 1072 1666 1105 tem-

163 1141 257 1178 pore
286 1131 542 1168 Athenienses
571 1130 734 1168 vendere
763 1130 945 1176 insulam,
982 1141 1095 1178 quam
1124 1130 1313 1178 quondam
1351 1142 1496 1168 summo
1537 1130 1665 1168 studio

167 1197 456 1241 exoptaverant,
487 1195 687 1232 consilium
715 1195 875 1241 cepisse,
906 1193 974 1231 sed
1002 1198 1211 1241 emptorem
1239 1205 1315 1231 non
1344 1193 1600 1236 invenisse-4⁷)

267 1256 321 1295 At
339 1258 472 1296 taedet
491 1259 564 1296 iam
585 1268 720 1305 pauca,
749 1268 848 1305 quae
871 1256 973 1304 apud
994 1258 1201 1304 scriptores
1230 1261 1381 1294 exstant
1401 1258 1561 1304 vestigia
1578 1257 1666 1295 Deli

164 1320 325 1367 insulae,
361 1322 600 1369 conquirere,
631 1325 669 1358 et
696 1321 857 1358 collecta
886 1321 959 1358 iam
990 1324 1078 1357 sunt
1107 1331 1129 1357 a
1158 1319 1346 1358 Gilbertio
1377 1325 1413 1358 et
1432 1320 1665 1368 Lebegio.4⁸)

165 1381 427 1422 Commemoro
450 1383 711 1422 tantummodo
733 1381 973 1429 sacrificium,
1004 1382 1106 1430 quod
1126 1382 1175 1420 ad
1195 1383 1336 1421 bellum
1357 1383 1555 1421 Persicum
1577 1395 1664 1431 pro-

163 1444 338 1484 ficiscens
371 1447 455 1485 Deli
484 1450 526 1484 ut
553 1447 637 1484 aliis
659 1458 810 1494 quoque
838 1447 877 1483 in
897 1446 1049 1493 templis
1070 1445 1208 1484 fecisse
1236 1446 1317 1483 deis
1339 1446 1552 1494 Imperator
1573 1447 1661 1484 Iuli-

164 1520 260 1547 anus
290 1510 479 1558 Apostata
509 1509 659 1547 dicitur.
714 1510 898 1548 Ultimum
929 1514 987 1547 est
1007 1510 1154 1557 signum
1184 1511 1366 1557 antiquae
1386 1511 1581 1557 religionis
1612 1510 1661 1548 ad

162 1573 357 1610 interitum
386 1573 546 1620 ruentis,
575 1573 747 1610 ultimum
768 1571 998 1610 sacrificium
1018 1573 1189 1620 Apollini
1218 1575 1256 1610 in
1286 1584 1396 1611 sacra
1425 1574 1505 1610 eius
1535 1573 1660 1611 insula

162 1633 366 1681 factum.4⁹)
395 1635 560 1674 Mortuis
577 1635 670 1682 deis,
692 1637 756 1684 qui
779 1635 970 1684 quondam
991 1647 1074 1674 eam
1094 1636 1335 1673 incoluerant
1356 1641 1392 1673 et
1412 1637 1525 1673 tutati
1543 1641 1663 1681 erant,

162 1697 282 1736 Delus
301 1699 386 1747 ipsa
403 1699 442 1736 in
465 1699 692 1737 oblivionem
709 1700 812 1736 venit
832 1699 1037 1745 hominum,
1059 1700 1130 1736 nisi
1151 1699 1253 1746 quod
1273 1700 1522 1737 ecclesiastici
1544 1700 1664 1746 scrip—

162 1765 281 1809 tores,
303 1761 566 1800 Tertullianus
585 1767 741 1810 praeter
760 1767 922 1808 ceteros,
943 1762 1132 1800 interdum
1154 1763 1235 1800 eius
1255 1764 1482 1800 mentionem
1505 1761 1662 1808 faciunt,

162 1828 206 1862 ut
234 1825 470 1863 exsultantes
508 1825 646 1873 gaudio
682 1825 845 1864 afferant
872 1826 1040 1863 carmina
1069 1837 1091 1863 a
1120 1824 1265 1873 Sibylla
1294 1825 1416 1863 edita:
1463 1821 1572 1861 ἔσται
1602 1824 1664 1861 καὶ

165 1885 296 1937 Σάμος
323 1884 469 1937 ἄμμος,
499 1885 645 1925 ἐσεῖται
673 1887 737 1924 καὶ
767 1887 886 1937 Δῆλος
914 1885 1119 1938 ἄδηλο;.50)

251 1996 297 2036 44)
321 1995 414 2031 Bull.
441 1995 472 2030 d.
500 1996 596 2031 Corr.
624 1995 715 2030 Hell.
742 1995 805 2038 III,
832 2007 864 2039 p.
890 1998 959 2029 162.

254 2054 299 2099 45)
325 2052 479 2089 Pausan.
494 2053 590 2097 VIII,
608 2055 662 2096 33,
682 2055 718 2087 2:
745 2054 764 2098 ἡ
786 2053 898 2097 Δῆλης
916 2053 954 2086 δὲ
975 2052 1148 2096 ἀφελόντι
1173 2054 1258 2091 τοὺς
1276 2053 1554 2095 ἀφιιιιιυμένους
1571 2052 1660 2097 παρ’

159 2109 348 2156 Ἀθηναίων
374 2111 423 2150 εἷς
447 2113 513 2145 τοῦ
541 2112 644 2154 ἱεροῦ
671 2112 734 2155 τὴν
753 2110 942 2154 φρουράν,
969 2110 1104 2155 Δηλίων
1130 2121 1172 2152 γε
1199 2108 1304 2142 ἕνεκα
1324 2110 1460 2154 ἔρημός
1486 2111 1581 2144 ἐστιν
1603 2113 1661 2145 ἀυ-

160 2167 338 2213 ν9ρώπωνς
364 2179 456 2213 quae
482 2168 591 2203 verba
616 2169 749 2204 frustra
775 2167 944 2212 expedire
971 2168 1089 2203 conati
1117 2174 1209 2210 sunt,
1236 2179 1315 2202 cum
1341 2168 1501 2203 dicerent
1528 2169 1660 2204 Pausa-

160 2226 256 2261 niam
280 2226 450 2271 pristinos
483 2236 524 2260 ac
549 2236 650 2261 veros
676 2226 799 2261 Delios
832 2226 890 2261 ‹ab
917 2226 1198 2261 Atheniensibus
1225 2227 1360 2270 pulsos)
1396 2228 1429 2261 in
1457 2235 1573 2263 mente
1601 2229 1662 2262 ha-

160 2282 296 2328 buisse,
321 2293 391 2319 non
416 2283 600 2318 cleruchos
626 2284 754 2318 atticos
779 2283 864 2318 illuc
890 2283 1037 2326 missos,
1063 2283 1242 2318 affirmare
1270 2284 1378 2327 igitur
1404 2295 1482 2318 eum
1510 2286 1661 2320 insulam

161 2351 238 2377 esse
263 2341 422 2377 orbatam
448 2341 592 2376 Deliis
618 2342 778 2386 exceptis
806 2342 1165 2377 Atheniensibus
1191 2344 1225 2386 (3)
1252 2362 1296 2366 —
1321 2342 1427 2376 nolim
1453 2343 1505 2377 vel
1528 2342 1662 2377 Pausa-

160 2398 255 2433 niam
280 2403 380 2433 tanta
404 2397 536 2433 iniuria
560 2398 722 2442 afficere,
755 2404 793 2433 ut
818 2398 884 2433 hoc
910 2404 982 2433 tam
1009 2399 1128 2443 inepte
1155 2410 1234 2433 eum
1261 2399 1483 2442 excogitasse
1509 2400 1660 2434 credam.

249 2457 294 2500 ⁴⁶)
317 2455 433 2491 Notus
458 2460 512 2492 est
537 2456 717 2501 Apollinis
752 2456 918 2491 sacerdos
952 2457 1007 2489 διὰ
1032 2457 1116 2498 βίου
1148 2456 1292 2500 quidam
1326 2456 1512 2491 Musonius
1547 2457 1660 2491 Rufus

159 2512 210 2556 (C.
225 2512 252 2548 1.
266 2514 307 2548 A.
325 2513 388 2558 111,
417 2517 527 2558 1298),
554 2514 615 2558 qui
641 2513 734 2549 idem
760 2514 870 2549 fuisse
897 2514 1037 2549 videtur
1063 2520 1170 2558 atque
1197 2514 1356 2559 ephebus
1375 2514 1481 2549 huius
1509 2515 1661 2549 nominis

158 2571 195 2606 in
225 2570 330 2606 titulo
354 2571 409 2606 Fl.
436 2571 622 2607 Alcibiade
656 2571 827 2606 archonte
854 2573 992 2613 ‹140f41
1030 2577 1091 2606 aut
1128 2575 1252 2609 1411'42
1279 2585 1310 2618 p.
1338 2573 1418 2608 Chr.
1446 2579 1494 2607 n.»
1529 2573 1660 2617 scripto

159 2627 250 2672 ((3.1.
265 2628 307 2662 Α.
324 2627 388 2673 111,
418 2632 514 2672 1112,
539 2629 600 2664 lin.
618 2632 687 2669 33).
825 2630 872 2667 47)
899 2629 1105 2665 Philostrat.
1132 2631 1192 2665 vit.
1220 2631 1368 2675 sophist.
1396 2631 1420 2666 Ι,
1447 2633 1500 2664 23.

248 2686 294 2731 ⁴⁸)
318 2685 457 2722 Gilbert
490 2687 678 2723 »Deliaca«
715 2699 747 2733 p.
774 2690 926 2724 52—54:
959 2687 1127 2732 Lebegue
1163 2688 1409 2723 »Becherches
1443 2697 1503 2720 sur
1530 2686 1656 2721 Delos«

158 2754 192 2789 p.
206 2746 396 2779 325—328.
487 2745 533 2790 ⁴⁹)
558 2744 784 2788 Theodoret.‚
803 2744 895 2779 Hist.
915 2744 1122 2780 Ecclesiast.
1142 2745 1186 2788 11,
1201 2748 1254 2780 21.
1339 2745 1383 2787 ⁵⁰)
1402 2742 1610 2777 Tei-tullian.
1628 2745 1660 2779 8.

157 2812 192 2849 p.
209 2801 291 2837 717:
329 2805 365 2836 et
387 2800 483 2837 hunc
508 2801 720 2838 Tertulliani
753 2806 789 2838 et
814 2801 914 2836 illum
940 2801 1155 2837 Theodoreti
1189 2802 1304 2837 locum
1331 2801 1504 2836 Gilbertio
1537 2799 1659 2837 debeo,
