1979 3326
741 299 1048 340 —133—

156 423 345 462 interdum
381 425 676 472 praestiterunt;
717 424 938 472 saepissime
980 424 1130 472 quidem
1166 424 1307 463 factum
1344 438 1426 463 esse
1468 428 1643 473 apparet,

151 491 194 525 ut
221 499 240 525 e
269 487 415 525 duobus
445 488 659 534 quaestoris
688 487 960 535 hieropoeique
990 488 1222 535 muneribus,
1256 500 1353 535 quae
1374 488 1534 526 eandem
1564 487 1643 526 fere

152 550 375 598 dignitatem
394 549 572 588 habuisse
593 550 779 597 videntur,
809 551 929 588 altero
958 562 1032 589 uno
1061 554 1208 589 tantum
1231 550 1493 599 fungerentur,
1525 555 1642 599 atque

149 613 249 651 idem
283 614 323 650 in
362 612 649 660 magistratibus
686 624 836 661 quoque
879 613 1087 651 minoribus
1123 612 1207 651 fieri
1242 614 1394 652 solitum
1435 626 1517 652 esse
1555 614 1642 652 inde

149 677 344 724 suspicor,
379 675 482 723 quod
517 687 675 714 numero
710 677 911 723 pauciores
947 680 1074 723 erant,
1110 688 1222 724 quam
1259 681 1300 714 ut
1328 677 1375 714 ab
1411 689 1643 725 unoquoque

149 740 231 787 geri
257 741 426 787 possent,
456 739 520 786 qui
549 739 783 785 superiorem
810 739 964 777 honoris
993 739 1151 787 gradum
1172 743 1383 788 appeteret,
1412 742 1641 787 praesertim

149 814 233 840 cum
261 805 410 840 constet
441 802 535 840 satis
562 802 702 839 multos
729 814 923 850 nunquam
943 802 1045 840 ultra
1078 804 1325 850 processisse.
1374 801 1490 841 Cuius
1520 804 1575 841 rei
1605 804 1643 841 in

149 864 258 904 fastis
293 865 433 903 nostris
475 864 709 912 reipublicae
745 865 932 913 deliacae,
975 867 1145 913 quamvis
1180 867 1219 903 in
1253 867 1386 914 paucis
1422 868 1531 904 annis
1568 868 1645 905 sint.

148 928 367 975 uberiores,
405 931 519 975 atque
555 939 602 965 ne
630 927 690 965 hic
718 928 868 975 quidem
904 930 977 966 nisi
1012 930 1051 966 in
1087 937 1318 967 summorum
1353 931 1642 978 magistratuum

150 991 346 1038 catalogis,
375 990 538 1038 plurima
558 993 686 1027 tamen
714 991 958 1028 inveniuntur
979 991 1165 1038 exempla,
1196 1003 1356 1038 quorum
1383 994 1426 1028 ut
1446 992 1521 1028 sint
1549 1003 1642 1029 non-

147 1054 252 1092 nulla
264 1054 388 1091 minus
408 1056 512 1091 certa
527 1075 576 1080 —
591 1054 768 1101 quoniam
784 1053 995 1100 periculum
1016 1057 1087 1100 est,
1108 1065 1167 1100 ne,
1189 1055 1253 1101 qui
1274 1054 1406 1092 eadem
1426 1054 1643 1092 habuerunt

148 1118 312 1163 nomina,
341 1116 492 1154 eosdem
521 1115 637 1154 fuisse
656 1120 833 1164 putemus
862 1139 911 1143 —
940 1118 1032 1155 satis
1052 1117 1171 1155 multa
1191 1128 1266 1155 non
1287 1116 1403 1154 dubia
1431 1120 1640 1155 remanent.

148 1181 273 1227 Atque
301 1178 350 1218 ad
379 1190 441 1227 ea,
479 1190 576 1227 quae
604 1180 678 1218 iam
706 1181 817 1218 attuli
846 1179 892 1218 de
921 1181 1079 1228 singulis
1116 1180 1402 1228 magistratibus
1432 1180 1639 1227 disserens,

148 1253 272 1291 pauca
298 1241 535 1286 adiciam:⁹⁰)

857 1314 869 1360 Ι
897 1305 1022 1343 scriba
1049 1306 1342 1354 hieropoeorum
1373 1317 1406 1344 a.
1428 1311 1511 1344 250.

851 1361 869 1410 l
895 1368 1123 1416 hieropoeus
1153 1379 1186 1406 a.
1209 1370 1293 1407 247.

857 1446 869 1491 f
897 1437 1022 1475 scriba
1051 1437 1119 1487 τῆς
1148 1437 1297 1480 πόλεως
1325 1449 1358 1476 a.
1381 1443 1465 1476 241.

850 1493 868 1543 l
895 1501 1038 1539 archon
1066 1512 1099 1539 a.
1122 1505 1206 1539 236.

855 1579 869 1626 J
896 1571 1062 1618 epistata
1090 1581 1123 1608 a.
1146 1575 1231 1608 229.

851 1626 870 1676 l
895 1634 1123 1682 hieropoeus
1152 1645 1185 1672 a.
1209 1634 1293 1671 217.

843 1707 866 1876 ἰ
891 1703 1141 1750 trittyarchus
1171 1713 1204 1740 a.
1227 1706 1310 1740 205.

249 1334 491 1382 Theoprotus
519 1333 740 1382 Epicharmi
768 1333 792 1372 f.

250 1466 402 1505 Mennis
430 1466 610 1505 Nicarchi
636 1466 661 1504 f.

249 1598 382 1637 Semus
411 1598 621 1638 Cosmiadis
649 1598 674 1637 f.

892 1765 1120 1813 hieropoeus
1149 1776 1182 1803 a.
1207 1769 1290 1803 199.

892 1828 1035 1866 archon
1064 1841 1097 1867 a.
1123 1833 1205 1867 198.

853 1905 867 1951 Ι
895 1896 1022 1935 scriba
1050 1897 1118 1947 τῆς
1145 1897 1294 1939 πόλεως
1321 1909 1354 1936 a.
1377 1903 1460 1936 220.

849 1952 867 2002 l
893 1960 1122 2007 hieropoeus
1150 1971 1183 1998 a.
1206 1965 1290 1999 218.

856 2037 867 2082 J
893 2029 1143 2076 trittyarchus
1169 2040 1201 2067 a.
1226 2033 1308 2067 182.

849 2084 867 2134 l
893 2092 1121 2139 hieropoeus
1150 2103 1183 2130 a.
1209 2094 1290 2130 178.

850 2171 861 2216 Ι
889 2161 1138 2209 trittyarchus
1167 2172 1200 2199 a.
1225 2165 1306 2200 198.

845 2217 862 2267 l
889 2228 1071 2272 quaestor
1099 2235 1132 2262 a.
1159 2228 1239 2262 191-

854 2302 865 2347 Ι
894 2296 1076 2341 quaestor
1104 2303 1136 2330 a.
1162 2296 1245 2330 179.

849 2349 867 2398 l
893 2355 1121 2403 hieropoeus
1149 2366 1182 2392 a.
1208 2357 1290 2393 170.

892 2424 1019 2462 scriba
1046 2424 1114 2473 τῆς
1142 2422 1292 2466 πόλεως
1320 2435 1354 2462 a.
1376 2429 1460 2462 208-

892 2491 1073 2536 quaestor
1100 2499 1133 2526 a.
1155 2493 1240 2526 206.

892 2550 1120 2598 hieropoeus
1149 2562 1183 2589 a.
1208 2552 1289 2588 197.

891 2614 1034 2652 archon
1062 2625 1095 2652 a.
1121 2618 1202 2653 196.

247 1764 468 1804 Cosmiades
499 1764 599 1804 Semi
626 1764 650 1803 f.

245 1924 538 1963 Hierombrotus
565 1926 677 1963 Amni
705 1924 729 1962 f.

247 2057 392 2095 Amnus
420 2057 679 2096 Hierombroti
707 2057 731 2096 f.

185 2176 189 2179 ¹
245 2189 392 2228 Paches
421 2189 724 2229 Anaxithemidis
752 2190 776 2228 f.

250 2321 513 2360 Anaxithemis
541 2321 721 2360 Pachetis
749 2320 771 2359 f.

248 2515 508 2565 Apollodorus
537 2516 740 2555 Mantithei
769 2516 793 2554 f.
843 2449 866 2647 ε

233 2754 280 2799 ⁹⁰)
305 2755 394 2791 Utor
419 2755 477 2790 hic
503 2765 643 2800 quoque
669 2755 771 2790 fastis
797 2755 944 2790 deliacis
970 2756 1014 2791 ab
1041 2756 1216 2790 Homollio
1243 2756 1454 2790 constitutis.
