1957 3293
893 282 1201 323 —118—

406 409 583 447 Summus
612 408 777 446 civitatis
804 408 1053 454 magistratus
1082 406 1255 444 archon
1288 409 1373 444 erat
1399 405 1605 454 quotannis
1631 407 1798 451 creatus,

299 472 346 510 de
371 483 446 520 quo
467 471 515 509 ad
536 482 593 517 ea,
613 482 711 518 quae
739 481 857 518 supra
878 471 916 507 in
936 467 1209 517 pertractando
1238 467 1507 506 dominationis
1535 467 1676 506 atticae
1702 469 1796 505 tem·

299 546 392 582 pore
419 534 591 581 exposui,
618 545 692 571 non
718 533 842 571 habeo
863 533 964 581 quod
985 531 1136 577 addam,
1163 532 1235 569 nisi
1256 542 1303 569 ex
1323 531 1618 578 hieropoeorum
1638 530 1795 568 rationi-

301 596 371 634 bus
388 607 577 643 apparere
594 595 712 643 (quod
729 596 852 643 ipsum
869 607 937 642 per
954 607 994 632 se
1011 598 1069 632 est
1085 596 1399 634 consentaneum)
1419 603 1503 631 cum
1519 592 1694 631 omnibus
1711 603 1797 630 eum

302 659 419 696 rebus
453 659 694 707 gravioribus
722 657 942 696 interfuisse
975 657 1171 705 gerendis,
1206 660 1284 693 tum
1314 656 1476 693 maxime
1503 655 1646 703 templo
1679 653 1798 693 admi-

303 720 505 759 nistrando
526 722 591 767 ita,
620 725 663 758 ut
682 724 885 768 praesente
907 731 950 757 eo
972 723 1010 757 et
1028 718 1265 757 inferrentur
1283 719 1470 766 pecuniae
1490 718 1529 755 in
1548 715 1799 761 aerariumw)

303 787 341 821 et
361 782 742 831 expenderentur,⁸⁰)
771 782 944 820 thesauri
971 783 1078 820 novis
1098 781 1317 829 hieropoeis
1337 779 1653 826 traderentur,⁸¹)
1681 790 1803 827 opera

303 846 459 894 publica
487 849 526 883 et
554 844 732 883 facienda
768 845 1012 883 elocarentur
1041 849 1078 882 et
1106 844 1208 882 facta
1241 844 1511 892 probarentur.
1568 841 1800 880 Archontem

303 910 417 947 etiam
449 908 559 946 ludos
588 909 753 946 maiores
773 907 1027 946 celebrandos
1057 907 1215 955 diesque
1244 906 1363 945 festos
1391 905 1560 954 agendos
1588 903 1802 953 providisse

302 971 403 1009 infra
439 970 702 1008 demonstrare
739 970 927 1016 conabor,
969 981 1054 1008 cum
1093 971 1310 1018 opinionem
1345 980 1466 1008 meam
1501 978 1713 1017 proponam
1752 966 1799 1004 de

306 1036 496 1082 epistatae
516 1046 685 1079 munere,
716 1045 828 1081 quem
849 1034 902 1071 ait
923 1033 1139 1070 Homollius
1167 1031 1276 1070 festis
1305 1031 1547 1070 celebrandis
1574 1028 1802 1080 praefuisse.

411 1096 627 1134 Secundum
662 1095 711 1134 ab
745 1096 929 1133 archonte
959 1096 1080 1133 locum
1111 1095 1324 1133 obtinuisse
1351 1094 1530 1133 videntur
1555 1093 1804 1142 hieropoei

310 1159 464 1207 templis
485 1159 756 1206 thesaurisque
777 1157 1039 1196 custodiendis
1061 1162 1099 1195 et
1117 1157 1394 1205 restaurandis,
1422 1157 1596 1206 pecuniis
1624 1159 1663 1195 et
1687 1155 1804 1194 rebus

306 1222 427 1260 sacris
463 1220 796 1265 administrandis,
832 1218 990 1269 κιβωτῷ
1019 1218 1184 1271 δημοσίᾳ
1219 1219 1431 1258 servandae
1466 1218 1702 1268 praepositi,
1728 1216 1804 1266 ipsi

308 1296 461 1333 quoque
482 1285 557 1322 iam
578 1288 753 1331 tempore
774 1283 1044 1321 dominationis
1065 1284 1205 1321 atticae
1232 1283 1324 1321 noti.
1371 1282 1428 1321 De
1455 1282 1643 1330 pecuniae
1671 1290 1805 1319 sacrae

305 1346 640 1386 administratione
669 1356 754 1382 eum
782 1344 884 1383 infra
911 1356 1167 1392 exponemus,
1202 1355 1340 1383 munus
1377 1355 1506 1383 eorum
1536 1343 1691 1391 saepius
1718 1353 1806 1390 per·

307 1411 555 1457 stringemus3
597 1418 697 1445 nunc
733 1408 804 1446 hoc
839 1419 954 1452 unum
991 1410 1248 1456 maximopere
1283 1419 1462 1447 assevero
1498 1410 1634 1446 contra
1666 1405 1804 1444 Nenzii

308 1473 537 1510 sententiam
558 1469 962 1519 perversissimamzw)
991 1482 1127 1509 nomen
1148 1470 1300 1519 quidem
1321 1481 1430 1508 suum
1450 1469 1679 1518 hieropoeos
1698 1471 1802 1507 certe

309 1535 397 1572 inde
427 1533 600 1577 duxisse,
640 1533 742 1580 quod
771 1531 959 1570 sacrificia
988 1532 1178 1580 quondam
1209 1532 1291 1571 deis
1320 1531 1496 1570 facienda
1521 1534 1808 1580 procurassent,

308 1597 375 1635 sed
395 1597 461 1634 illo
491 1600 675 1643 tempore,
705 1595 752 1633 de
782 1607 857 1643 quo
886 1606 988 1633 nunc
1015 1596 1153 1643 agitur,
1184 1595 1278 1633 haec
1306 1594 1548 1633 sacerdotum
1578 1592 1706 1633 officia
1732 1604 1809 1631 non

307 1661 381 1697 iam
412 1658 461 1697 ad
490 1669 556 1696 eos
585 1659 829 1705 pertinuisse.
877 1658 975 1695 Nam
1002 1662 1046 1695 ut
1074 1658 1112 1694 in
1141 1657 1360 1696 civitatibus
1388 1657 1538 1704 graecis
1567 1667 1698 1694 omnes
1726 1654 1807 1694 fere

309 1723 558 1769 magistratus
595 1722 738 1758 maiore
777 1720 963 1768 dignitate
997 1719 1165 1767 praediti
1201 1718 1392 1757 sacrificia
1428 1718 1617 1767 quaedam
1653 1717 1737 1756 deis
1773 1721 1813 1756 et

310 1789 492 1834 poterant
521 1789 558 1822 et
590 1783 783 1821 debebant
811 1783 960 1829 facere,
997 1784 1052 1821 sic
1079 1784 1276 1831 hieropoei
1305 1793 1458 1830 quoque
1486 1781 1624 1820 deiiaci
1652 1780 1812 1829 singulis

310 1848 506 1886 mensibus
532 1848 571 1883 in
602 1857 681 1892 ara,
711 1857 810 1893 quae
840 1845 1033 1894 ἱερόποιος
1060 1843 1396 1894 appellabatur‚³³)
1426 1842 1714 1890 sacrificabant3
1744 1842 1812 1881 sed

311 1911 464 1948 minime
499 1909 586 1947 ideo
621 1908 916 1947 »sacrificiorum
947 1908 1170 1956 praesides«
1203 1913 1293 1946 sunt
1320 1906 1486 1946 habendi
1514 1907 1575 1945 vel
1602 1905 1814 1944 sacerdoti·

312 1974 383 2011 bus
406 1973 520 2011 etiam
541 1971 836 2010 adnumerandi:
866 1973 1113 2019 magistratus
1143 1975 1232 2009 sunt
1258 1970 1423 2019 profani,
1450 1969 1594 2018 templo
1621 1967 1814 2017 pecuniis-

313 2048 386 2084 que
423 2035 482 2072 dei
519 2034 781 2072 custodiendis
817 2034 1047 2082 praepositi,
1084 2045 1159 2072 non
1195 2032 1410 2071 sacerdotio
1439 2032 1568 2070 nescio
1596 2041 1672 2079 quo
1700 2040 1812 2079 prae-

313 2098 394 2136 diti.
443 2099 634 2145 Quattuor
655 2097 820 2145 denique
848 2108 1005 2135 numero
1033 2108 1098 2135 eos
1126 2096 1245 2134 fuisse
1273 2095 1377 2144 quod
1405 2105 1524 2143 supra
1550 2093 1643 2142 dixi,
1670 2094 1711 2133 id
1737 2094 1812 2132 iam

315 2161 580 2199 demonstrare
600 2160 780 2198 conabor.
828 2160 990 2198 Duobus
1016 2161 1114 2198 enim
1135 2159 1265 2208 plures
1285 2157 1402 2197 fuisse
1431 2162 1470 2196 et
1495 2161 1668 2205 tempore
1695 2155 1815 2195 domi-

313 2224 477 2261 nationis
513 2222 711 2268 atticae34)
749 2226 786 2260 et
821 2223 954 2271 primis
997 2222 1140 2260 liberae
1181 2222 1347 2260 civitatis
1389 2219 1562 2259 deliacae
1603 2219 1714 2258 annis
1759 2219 1815 2257 ita

405 2330 450 2373 29)
483 2329 625 2364 Demar.
659 2329 755 2363 arch.
787 2334 852 2363 rat.
888 2329 947 2362 lin.
979 2330 1034 2363 38.
1172 2328 1219 2367 ³0)
1245 2326 1333 2362 Ibid.
1365 2326 1426 2362 lin.
1457 2330 1512 2362 55.
1648 2325 1696 2368 ἰ)
1727 2324 1814 2358 τόδε

316 2386 578 2431 παρελάβομεν
613 2386 789 2430 ἀργύριον
824 2386 862 2418 ἐν
889 2387 937 2431 τῇ
963 2386 1047 2431 ἱερᾷ
1079 2384 1148 2428 (vel
1173 2385 1340 2430 δημοσίᾳ)
1370 2383 1514 2429 κιβωτῷ
1539 2382 1728 2427 παρούσης
1751 2383 1815 2426 τῆς

314 2443 452 2487 βουλῆς
484 2443 541 2475 καὶ
572 2445 636 2476 τοῦ
668 2440 848 2487 ἄρχοντος
881 2443 946 2474 τοῦ
978 2444 1041 2485 τῆς
1074 2441 1228 2479 πόλεωςς
1262 2440 1404 2475 Demar.
1430 2439 1528 2474 arch.
1553 2442 1619 2474 rat.
1645 2437 1706 2473 lin.
1732 2440 1753 2472 2
1779 2443 1816 2473 et

316 2502 460 2536 75—76.
599 2500 645 2543 ³²)
675 2499 795 2543 Nenz,
827 2499 972 2542 Quaest.
1006 2498 1073 2533 del.
1106 2509 1139 2542 p.
1171 2501 1219 2532 10.
1363 2496 1408 2542 ⁸³)
1441 2495 1583 2531 Demar.
1616 2494 1714 2530 arch.
1747 2499 1815 2529 rat.

316 2558 377 2593 lin.
406 2560 479 2601 182,
511 2558 583 2600 183,
614 2559 686 2599 184,
718 2559 790 2599 185,
822 2559 892 2599 189,
924 2559 996 2599 190,
1025 2558 1099 2599 191,
1130 2558 1203 2598 192,
1234 2557 1305 2599 193,
1336 2557 1413 2590 194:
1439 2552 1560 2588 decies
1583 2552 1620 2587 in
1646 2552 1815 2597 expansis

316 2618 639 2651 oommemorantur
655 2612 744 2651 ξύλα
764 2613 815 2651 εἰς
830 2613 976 2654 βωμοὺς
995 2612 1137 2655 πόθων,
1162 2610 1358 2655 ἱεροπόιονς
1382 2609 1453 2645 duo
1469 2619 1610 2645 menses
1632 2609 1670 2644 in
1686 2609 1816 2644 lacuna

318 2671 585 2707 interciderunt.
703 2671 748 2714 ³⁴)
773 2669 843 2703 Cfr.
870 2669 1159 2713 amphictyonum
1185 2667 1351 2713 rationes·
1367 2666 1570 2702 Timocrate
1591 2665 1815 2701 Athenarum

319 2729 489 2763 archonte
515 2734 560 2770 (a.
587 2730 653 2762 364
678 2737 709 2761 a.
736 2726 816 2761 Chr.
844 2733 889 2771 n.)
916 2726 1084 2770 scriptas:
1111 2724 1203 2760 Bull.
1230 2724 1262 2759 d.
1289 2724 1388 2760 Corr.
1413 2722 1507 2759 Heu.
1532 2723 1577 2769 X,
1601 2734 1635 2769 p.
1661 2724 1740 2759 462.
