1957 3326
918 313 1196 354 -76-

309 441 460 482 rentur,
498 446 574 473 non
608 440 752 474 temere
787 437 963 475 conicere
997 436 1088 474 mihi
1125 437 1257 476 videor
1292 438 1567 486 Athenienses,
1601 442 1808 488 postquam

311 500 500 536 sociorum
530 499 645 547 legati
675 500 733 537 vel
763 511 832 537 sua
861 504 997 547 sponte
1026 500 1085 537 vel
1113 500 1232 548 (quod
1253 501 1490 548 probabilius
1510 501 1677 548 videtur)
1705 502 1808 550 ipso·

308 572 389 597 rum
425 561 591 609 impulsu
630 573 650 599 e
685 562 846 599 concilio
881 561 1187 609 amphictyonico
1223 561 1489 609 decesserunt,
1524 567 1567 600 ut
1602 561 1807 601 conflatum

308 623 378 661 hac
406 636 447 661 re
476 624 604 662 odium
634 626 900 662 imminuerent
928 625 1155 672 imperiique
1183 624 1435 672 cupiditatem
1461 625 1638 673 speciosa
1655 625 1806 664 ratione

309 686 497 733 celarent,
534 687 731 725 Deliorum
760 689 1007 735 magistratus
1036 691 1287 735 senatumque
1316 688 1446 735 aliqua
1474 699 1521 725 ex
1548 691 1659 735 parte
1686 689 1807 736 parti-

308 750 413 796 cipes
441 749 578 788 secisse
614 751 743 798 templi
779 750 1085 788 administrandi.
1156 750 1230 788 Sed
1266 751 1489 798 priusquam
1521 750 1806 788 inimicitiarum

306 812 439 849 harum
477 814 810 861 contentionisque
846 825 975 850 eorum
1017 824 1102 851 cum
1141 812 1263 850 Deliis
1303 814 1416 851 etiam
1455 816 1572 861 atque
1608 814 1723 852 etiam
1757 813 1806 852 de

305 875 434 923 templi
463 877 705 923 possessione
736 879 940 912 renovatae
963 876 1060 913 vices
1087 886 1377 923 persequamur,
1406 875 1578 923 reliquae
1598 875 1708 914 nobis
1727 879 1806 914 tra·

304 937 458 975 ditionis
488 938 663 975 laterculi
689 942 820 985 partes
851 938 1128 976 examinandae
1150 943 1249 985 sunt,
1278 942 1321 975 ut
1341 938 1540 976 marmoris
1561 937 1804 977 Sandwicen-

310 1001 361 1037 sis
398 1001 571 1048 exemplo
609 1001 751 1047 omnia,
796 1012 894 1048 quae
932 1000 981 1039 ad
1017 1001 1169 1039 divitias
1207 1001 1365 1039 deorum
1399 1001 1609 1049 templique
1645 1001 1806 1040 admini-

306 1064 530 1101 strationem
566 1064 850 1111 cognoscendas
886 1065 971 1101 usui
1007 1076 1090 1102 esse
1127 1065 1295 1111 possint,
1338 1076 1358 1102 e
1394 1064 1506 1102 titulo
1541 1068 1674 1103 nostro
1716 1075 1805 1113 per-

304 1126 500 1173 cipiamus.

407 1190 533 1236 Atque
562 1193 604 1226 ut
631 1190 795 1237 primum
825 1201 1070 1238 quaeramus,
1099 1189 1238 1238 quibus
1266 1189 1362 1228 locis
1389 1190 1466 1227 sint
1485 1193 1685 1229 asservata
1703 1189 1805 1229 dona

304 1250 475 1298 undique
495 1251 631 1289 Delum
662 1252 873 1299 affluentia,
901 1253 977 1290 tria
996 1253 1168 1291 videmus
1194 1253 1410 1300 appellata:
1440 1252 1587 1291 Dianae
1607 1253 1802 1302 templum,

303 1313 368 1350 ubi
397 1313 564 1360 plurima
592 1326 714 1363 eaque
743 1316 897 1352 maximi
933 1316 1048 1363 pretii
1088 1319 1198 1353 erant
1233 1315 1428 1364 deposita,
1457 1312 1662 1365 Ἀθηναίων
1696 1314 1802 1364 νεών,

309 1380 352 1412 12
382 1380 529 1413 tantum
558 1379 709 1415 coronis
739 1379 987 1426 pentetericis
1017 1378 1204 1426 donisque
1232 1378 1386 1426 Niciae,
1415 1377 1579 1426 Calliae,
1613 1379 1801 1427 Autoclis,

303 1439 510 1487 Euthydici
531 1440 819 1479 Atheniensium
842 1442 1041 1489 insignem,
1069 1441 1116 1479 de
1139 1441 1278 1490 quibus
1298 1452 1417 1490 supra
1435 1441 1579 1480 dictum
1599 1445 1669 1489 est,
1698 1442 1803 1481 Tau-

303 1503 576 1540 romenitarum
605 1508 809 1550 praeterea
836 1504 975 1551 phialis
1003 1504 1139 1551 tribus,
1170 1504 1367 1542 Deliorum
1390 1502 1497 1551 νεών,
1526 1505 1592 1552 qui
1613 1505 1697 1543 auri
1717 1506 1801 1554 qui-

303 1564 388 1602 dem
423 1576 499 1603 non
533 1567 587 1604 ita
621 1578 796 1614 magnum
832 1566 982 1614 pondus
1018 1568 1203 1615 (quinque
1239 1571 1329 1605 sunt
1361 1578 1526 1606 coronae
1561 1572 1636 1606 304
1663 1567 1802 1606 drach·

301 1638 448 1664 marum
484 1631 522 1665 et
549 1629 687 1666 monile
717 1634 764 1667 36
787 1629 879 1676 dr.),
914 1640 1040 1667 rerum
1071 1633 1197 1667 autem
1232 1641 1438 1668 aenearum
1472 1640 1670 1668 numerum
1705 1631 1801 1668 satis

301 1700 477 1736 magnum
506 1691 738 1730 continebat.
804 1693 897 1731 Inde
927 1694 1103 1741 quaestio
1132 1695 1206 1731 iam
1241 1694 1376 1740 oritur,
1413 1704 1483 1731 cur
1517 1693 1800 1731 sanctissimum

301 1753 417 1790 totius
452 1754 599 1792 insulae
634 1757 815 1804 templum
845 1757 1036 1804 Apollinis
1071 1768 1147 1794 non
1183 1759 1516 1794 commemoretur:
1553 1759 1682 1794 utrum
1716 1767 1799 1794 cre-

302 1814 436 1853 damus
466 1817 570 1855 nulla
598 1817 715 1856 fuisse
745 1820 783 1856 in
812 1831 856 1857 eo
885 1819 987 1857 dona
1021 1823 1236 1866 asservata,
1273 1831 1323 1857 an
1356 1819 1540 1867 pecunias
1574 1822 1723 1857 tantum
1760 1819 1800 1857 in

302 1878 383 1914 eius
426 1880 577 1918 aerario
618 1882 764 1928 positas
806 1881 1095 1919 administrasse
1137 1881 1445 1929 amphictyonas,
1494 1881 1799 1939 suppellectilem

300 1952 449 1979 omnem
478 1942 694 1990 hieropoeis
722 1943 930 1981 curandam
958 1944 1191 1990 permisisse,
1219 1954 1304 1981 cum
1330 1944 1370 1981 iu
1389 1943 1541 1991 templis
1561 1944 1700 1982 ceteris
1722 1955 1799 1983 non

299 2008 552 2051 gravarentur
587 2005 744 2043 subulas
781 2017 922 2044 aeneas
959 2017 1100 2053 easque
1137 2005 1280 2044 fractas
1316 2005 1548 2044 numerare?
1610 2006 1799 2046 Neutrum

302 2066 457 2113 probari
494 2071 632 2114 potest.
702 2069 762 2105 An
799 2068 1064 2106 coniciendum
1099 2071 1158 2106 est
1191 2080 1319 2106 rerum
1353 2069 1393 2106 in
1428 2069 1620 2117 Apollinis
1655 2070 1798 2119 templo

299 2129 512 2175 positarum
543 2129 769 2168 traditiones
804 2132 842 2168 iu
877 2131 1074 2168 laterculis
1108 2132 1275 2179 propriis
1312 2130 1430 2170 fuisse
1464 2133 1720 2181 perscriptas,
1756 2136 1800 2171 ut

299 2192 410 2229 unius
439 2192 694 2231 Parthenonis
724 2194 879 2232 divitiae
908 2194 979 2231 hoc
1007 2199 1178 2242 tempore
1208 2196 1245 2232 in
1275 2194 1375 2232 binis
1403 2196 1609 2243 quotannis
1650 2195 1796 2235 tabulis

297 2265 368 2301 pro
397 2255 528 2301 templi
557 2255 732 2302 partibus
769 2255 1116 2294 describebantur?
1186 2256 1337 2304 Negare
1366 2268 1525 2305 prorsus
1554 2269 1631 2297 non
1659 2257 1797 2306 audeo,

298 2327 514 2364 quanquam
545 2317 823 2356 dubitationem
853 2323 990 2363 movet,
1020 2318 1122 2366 quod
1150 2322 1208 2356 tot
1235 2318 1346 2357 nobis
1366 2320 1528 2358 servatis
1546 2319 1797 2360 traditionum

298 2379 511 2426 laterculis,
549 2391 647 2427 quae
677 2380 725 2418 ad
754 2382 829 2419 tria
858 2381 924 2419 illa
959 2382 1102 2430 templa
1137 2383 1350 2430 pertinent,
1386 2383 1514 2422 nullus
1550 2388 1695 2433 exstat,
1731 2386 1797 2434 qui

298 2446 405 2479 certa
433 2443 581 2479 ratione
611 2442 659 2479 ad
689 2444 879 2490 Apollinis
908 2444 1131 2482 thesaurum
1161 2444 1385 2483 referendus
1413 2447 1473 2484 sit.

400 2504 475 2542 Sed
504 2504 617 2542 aliam
647 2505 694 2543 ad
730 2505 828 2543 hane
863 2506 1127 2545 difficultatem
1165 2508 1371 2547 tollendam
1406 2510 1591 2548 rationem
1621 2513 1660 2548 et
1686 2511 1796 2559 sequi

297 2567 396 2605 malo
427 2572 465 2605 et
492 2579 707 2615 proponere
732 2568 867 2607 audeo.
911 2569 1036 2607 Credo
1057 2570 1132 2608 duo
1153 2570 1270 2609 fuisse
1290 2571 1493 2620 Apollinis,
1521 2575 1678 2620 praeter
1697 2572 1795 2621 Cyn-

297 2629 417 2666 thium
449 2629 554 2667 illum
583 2642 606 2668 a
633 2629 801 2678 Lebegio
831 2632 1169 2680 investigatum,⁷⁹)
1203 2633 1359 2682 templa,
1395 2644 1510 2672 unum
1545 2634 1678 2682 quinto
1712 2646 1795 2674 sae·

387 2760 431 2802 ⁷⁹)
456 2759 634 2803 Lebcgue,
660 2759 887 2795 Recherches
914 2773 974 2796 sur
999 2762 1118 2797 Delos.
1144 2775 1177 2807 p.
1196 2767 1249 2798 44,
