1957 3326
301 409 493 456 copiosius
518 408 745 446 confirmare
773 409 988 456 studuit,⁹²)
1016 421 1162 448 summa
1181 410 1277 448 haec
1298 410 1377 449 fere
1399 415 1477 449 est:
1506 412 1545 449 in
1564 411 1700 459 titulis,
1728 412 1812 460 qui-

303 471 373 507 bus
403 471 558 518 choragi
579 471 870 518 Apollineorum
892 475 930 509 et
948 471 1220 518 Dionysiorum
1241 472 1431 519 perscribi
1451 474 1528 510 sint
1547 471 1720 521 soliti,²⁸)
1746 473 1813 511 illa

305 545 455 580 semper
484 537 574 570 ante
603 533 698 571 haec
726 534 927 581 appellari3
957 534 1100 571 idcirco
1122 533 1278 571 dubium
1309 544 1385 572 non
1416 547 1514 582 esse,
1543 536 1635 582 quin
1663 535 1809 582 eodem,

302 608 377 643 quo
407 596 614 643 Dionysia,
651 607 780 633 mense
819 597 900 634 scil.
930 596 1161 643 Galaxione,
1197 595 1264 634 sed
1292 597 1449 644 paululo
1484 602 1574 636 ante
1601 597 1810 646 Apollinea

303 670 454 706 quoque
484 659 561 696 sint
589 659 806 704 celebrata;
835 660 914 696 veri
944 663 1070 696 autem
1100 671 1216 706 quum
1245 670 1319 697 non
1349 660 1400 697 sit
1427 660 1549 698 simile
1578 660 1654 699 duo
1685 660 1808 699 eidem

302 721 373 759 deo
403 721 501 759 festa
532 722 665 768 paucis
693 725 842 759 tantum
871 720 1007 758 diebus
1037 722 1248 759 interiectis
1276 721 1394 760 fuisse
1422 723 1600 762 instituta
1630 745 1671 750 -
1695 723 1810 762 Delia

304 790 342 822 et
361 785 577 832 Apollinea,
609 783 720 822 ambo
749 783 871 821 videri
900 785 938 821 in
967 795 1083 821 unum
1112 784 1378 832 coniungenda
1405 789 1445 823 et
1464 785 1669 824 Galaxioni
1687 786 1809 824 mensi

302 847 508 884 tribuenda
546 847 618 892 ita,
661 851 704 884 ut
739 848 884 894 primus
926 847 1164 884 sollemnium
1208 846 1289 884 dies
1331 846 1447 885 fuerit
1491 847 1671 896 »Delia«,
1712 849 1812 886 alter

306 910 556 957 »Apollinea«
591 910 827 957 appellatus,
863 913 978 957 atque
1015 910 1086 947 hoc
1121 909 1193 947 sibi
1227 911 1422 957 persuasit
1455 922 1548 949 usus
1583 911 1694 950 titulo
1731 911 1811 958 illo,

303 984 378 1019 quo
414 971 649 1009 Laodameia
682 971 810 1009 Medei
847 971 873 1008 f.
910 971 1092 1009 laudatur
1138 971 1467 1022 »κανηφορὴσασα
1504 971 1561 1015 εἰς
1594 972 1708 1024 Δήλια
1747 972 1812 1010 καὶ

303 1031 583 1079 Ἀπηλλιὺνια.29)
645 1035 752 1081 Quae
782 1035 1028 1072 ratiocinatio
1059 1038 1139 1072 tota
1166 1035 1225 1072 vel
1254 1046 1298 1073 eo
1327 1034 1530 1083 refutatur,
1558 1036 1681 1085 quod,
1719 1037 1811 1075 Dio-

303 1099 412 1145 nysia
441 1102 483 1135 ut
511 1097 765 1135 concedamus
796 1109 880 1135 esse
909 1097 1121 1135 Galaxione
1158 1109 1287 1135 mense
1315 1102 1403 1136 acta
1430 1102 1546 1147 atque
1583 1099 1716 1138 titulos
1751 1111 1811 1138 or·

303 1160 429 1198 dinem
465 1160 647 1198 festorum
683 1166 855 1207 secutos,
897 1161 1100 1198 terminum
1136 1159 1289 1208 quidem
1325 1161 1530 1209 habemus,
1571 1166 1660 1201 ante
1696 1174 1809 1211 quem

307 1224 513 1272 Apollinea
532 1225 609 1261 sint
636 1223 841 1270 celebrata,
871 1227 965 1271 quot
992 1227 1118 1261 autem
1138 1223 1333 1261 mensibus
1361 1228 1462 1271 ante,
1491 1224 1596 1263 nullo
1622 1225 1735 1264 modo
1763 1237 1810 1262 ex

307 1287 366 1324 his
397 1287 518 1323 titulis
547 1287 642 1334 ipsis
673 1287 840 1333 perspici
869 1290 1012 1334 potest:
1043 1297 1130 1323 nam
1159 1285 1262 1334 quod
1290 1285 1382 1323 dicit
1409 1288 1507 1334 Aug.
1535 1287 1810 1326 Mommsenius

303 1354 447 1387 arctam
486 1350 524 1385 in
561 1349 835 1396 perscribendo
876 1349 1115 1386 sollemnium
1153 1348 1315 1386 duorum
1356 1349 1661 1388 coniunctionem
1699 1353 1810 1396 (nun-

303 1412 521 1450 mittelbare
552 1411 840 1460 Verbindung«)
885 1411 1113 1450 documento
1155 1422 1238 1449 esse
1275 1422 1320 1449 ea
1353 1411 1393 1449 in
1426 1411 1658 1451 celebrando
1694 1413 1809 1451 etiam

304 1475 422 1512 fuisse
457 1475 663 1512 coniuncta
704 1496 745 1501 -
793 1487 959 1523 quonam
995 1487 1138 1523 quaeso
1174 1474 1285 1513 modo
1322 1474 1534 1523 lapidarius
1577 1475 1808 1524 scripsisset,

301 1539 333 1575 si
362 1538 421 1575 vel
450 1537 624 1575 undecim
654 1549 804 1575 menses
834 1537 996 1576 fuissent
1023 1537 1244 1576 interiecti?

404 1599 479 1638 Sed
516 1604 651 1638 contra
688 1600 847 1638 Roberti
883 1607 994 1648 (pace
1030 1601 1295 1648 praeceptoris
1331 1601 1519 1638 carissimi
1553 1600 1731 1647 dixerim)
1769 1603 1809 1638 et

300 1663 463 1710 Augusti
498 1663 724 1700 Mommseni
760 1665 988 1701 sententiam
1023 1663 1230 1701 tenendum
1263 1666 1357 1710 puto
1392 1663 1545 1701 minime
1579 1674 1664 1702 esse
1704 1663 1805 1701 diem

301 1725 529 1772 epiphaniae
565 1725 625 1762 dei
662 1726 937 1763 secernendum
974 1738 997 1764 a
1031 1725 1093 1764 die
1129 1727 1211 1763 eius
1247 1725 1385 1772 natali,
1428 1727 1520 1774 quia
1553 1726 1677 1774 primo
1711 1725 1807 1764 deus

300 1789 506 1835 quotannis
536 1792 575 1825 et
602 1789 707 1826 nasci
737 1793 775 1826 et
803 1791 898 1827 mori
927 1789 975 1827 ab
1005 1789 1222 1827 hominibus
1250 1787 1377 1834 credi,
1404 1792 1541 1836 postea
1566 1799 1657 1827 vero
1692 1799 1807 1836 quam

300 1850 524 1888 incredibile
554 1850 623 1888 hos
652 1862 736 1888 esse
766 1851 995 1898 minimeque
1026 1851 1087 1888 dei
1118 1851 1310 1888 maiestati
1338 1854 1638 1889 consentaneum
1657 1850 1807 1888 ratione

301 1914 419 1959 magis
441 1914 591 1960 vigente
612 1917 701 1950 sunt
720 1914 900 1960 assecuti,
921 1911 1187 1963 ἐπιφαίνεσθαι
1207 1912 1282 1950 dici
1303 1912 1402 1950 solet
1421 1916 1461 1950 et
1479 1910 1807 1963 ἀπυδημεύεσθαι,

299 1975 400 2021 quod
436 1975 534 2013 idem
563 1975 610 2013 de
640 1976 817 2023 Apolline
846 1976 958 2014 Delio
995 1980 1054 2014 est
1082 1975 1284 2022 traditum,
1319 1987 1432 2023 quem
1459 1987 1530 2024 per
1557 1986 1626 2013 sex
1653 1985 1804 2013 menses

298 2038 479 2076 hibernos
514 2039 551 2075 in
588 2039 707 2086 Lycia
742 2039 909 2077 Patarae
944 2039 1102 2077 oracula
1136 2039 1270 2084 edere,
1306 2049 1377 2086 per
1410 2049 1478 2076 sex
1513 2038 1679 2076 aestivos
1713 2037 1803 2076 Deli

299 2101 472 2138 habitare
503 2102 631 2148 opinio
661 2101 818 2147 erat:³⁰)
847 2103 878 2140 si
908 2103 1025 2150 igitur
1051 2102 1150 2140 diem
1170 2102 1337 2140 natalem
1357 2101 1480 2140 tribus
1499 2105 1589 2149 post
1606 2100 1803 2140 mensibus

299 2163 533 2200 celebratum
565 2175 648 2201 esse
678 2168 955 2211 statueremus,
992 2177 1106 2213 quam
1145 2164 1352 2213 epiphania
1386 2163 1670 2211 celebraretur,
1704 2162 1804 2202 idem

298 2230 417 2271 esset,
453 2236 498 2262 ac
537 2226 566 2263 si
605 2226 817 2264 diceremus
854 2227 966 2264 deum
1001 2228 1248 2275 apparuisse,
1286 2227 1509 2274 priusquam
1541 2229 1656 2264 natus
1688 2229 1803 2264 esset.

299 2287 525 2333 Exemplum
555 2288 659 2325 aliud
689 2288 873 2326 habemus
902 2290 1156 2327 clarissimum
1189 2311 1227 2315 -
1263 2289 1429 2327 natalem
1454 2288 1646 2336 Apollinis
1672 2287 1803 2336 Pythii

298 2350 460 2396 septimo
490 2349 596 2397 Byzii
631 2350 691 2387 die
727 2351 985 2398 celebratum,
1026 2363 1152 2399 quem·
1174 2362 1249 2389 non
1284 2351 1477 2390 diversum
1511 2351 1561 2390 ab
1595 2349 1803 2399 epiphania

298 2412 358 2449 dei
388 2411 504 2449 fuisse
535 2413 678 2450 diserte
707 2418 873 2452 testatur
893 2413 1194 2460 Plutarchus,⁸¹)
1222 2418 1260 2452 et
1279 2414 1375 2451 miro
1397 2413 1562 2462 quodam
1582 2412 1694 2452 modo
1714 2423 1802 2451 con-

299 2475 436 2521 sentit,
473 2475 575 2522 quod
605 2476 635 2512 si
666 2487 741 2514 non
771 2476 1021 2525 epiphaniae,
1050 2481 1090 2515 at
1117 2480 1220 2515 certe
1249 2475 1462 2527 ἀποδημίας
1489 2475 1679 2524 Apollinis
1707 2478 1801 2513 tem-

387 2617 431 2661 27)
458 2616 642 2651 Bursian's
667 2616 875 2651 Jahresber.
903 2617 1066 2662 XLVIII,
1093 2629 1126 2661 p.
1145 2620 1223 2652 315.
1341 2617 1388 2660 2⁸)
1412 2615 1505 2651 Bun.
1531 2615 1564 2650 d.
1590 2615 1688 2650 Corr.
1705 2615 1799 2651 Heli.

298 2674 393 2717 wll,
420 2684 452 2717 p.
477 2676 637 2716 103sqq.,
663 2673 724 2717 IX,
749 2684 780 2717 p.
806 2676 952 2717 l46sqq.
1091 2673 1136 2718 29)
1162 2674 1254 2708 Bull.
1280 2673 1313 2708 d.
1339 2673 1437 2708 Corr-
1462 2671 1556 2708 Heu.
1581 2671 1645 2717 111,
1670 2683 1704 2717 p.
1721 2674 1799 2709 879.

296 2732 340 2777 ³0)
367 2731 463 2764 Serv.
490 2729 535 2765 ad
554 2730 659 2773 Verg.
679 2731 768 2765 Aen.
787 2730 848 2775 lv,
875 2740 903 2764 v.
927 2733 999 2766 143.
1099 2730 1146 2774 ³¹)
1169 2729 1352 2766 Plutarch.
1370 2729 1515 2774 Quaerit.
1533 2737 1651 2773 graec.
1669 2737 1747 2774 cap.
1764 2731 1798 2765 9.
