1979 3326
764 302 1073 343 -155—

174 426 317 471 81111113)
364 426 528 465 Ceterae
547 426 586 464 in
606 425 703 465 duas
723 430 854 474 partes
875 426 992 464 dividi
1020 430 1184 474 possunt
1212 426 1333 474 (quod
1361 427 1434 464 iam
1455 426 1670 464 Homollius

170 488 279 536 fecit)
309 489 516 528 secundum
545 490 815 536 magistratus,
845 500 868 527 a
896 489 1035 537 quibus
1070 489 1238 527 traditae
1274 494 1382 535 sunt3
1417 501 1541 537 neque
1576 489 1671 527 11300

168 551 305 590 divisio
340 551 504 590 fortuita
537 555 614 598 est,
650 553 740 599 quia
777 551 975 600 hieropoei
1010 553 1195 599 pecunias
1224 551 1445 590 inferebant
1482 564 1501 589 e
1536 551 1669 599 templi

167 614 491 662 possessionibus,
509 626 604 662 quas
624 615 698 662 ipsi
714 614 1048 661 administrabant,
1064 619 1279 662 perceptas.
1301 619 1527 661 quaestores
1543 618 1671 652 autem

167 678 334 717 civitatis
355 678 506 716 nomine
527 677 658 716 debita
678 677 889 716 solvebant.
905 678 937 723 4)
989 678 1210 726 Sequuntur
1230 676 1367 716 deinde
1397 677 1530 714 eodem
1558 676 1671 715 modo

169 741 412 789 perscriptae
441 741 641 788 pecuniae,
670 740 761 778 item
785 741 891 777 urnis
911 740 1095 787 inclusae,
1125 752 1223 788 quae
1253 740 1400 778 relatae
1429 745 1517 777 sunt
1544 741 1584 777 in
1612 751 1671 778 sa-

168 813 275 841 crum
306 803 519 849 aerarium,
548 802 637 840 dum
668 803 743 850 ipsi
771 813 928 840 munere
957 801 1274 850 fungebantur,⁵)
1311 804 1478 851 itemque
1507 803 1546 839 in
1575 802 1671 840 duas

170 869 302 914 partes
330 865 494 912 divisae,
524 876 547 903 a
575 865 846 913 quaestoribus
873 877 1007 912 unam,
1037 866 1197 904 alteram
1228 865 1277 903 ab
1307 866 1525 913 hieropoeis
1554 865 1671 913 depo-

171 929 296 966 sitam.
342 928 477 975 Neque
496 926 536 965 id
556 927 679 965 solum
705 928 806 965 inter
835 939 900 965 eas
928 928 1134 966 intercedit
1163 928 1412 966 discriminis:
1444 940 1542 976 quae
1572 929 1671 966 enim

171 1001 195 1028 a
214 990 485 1039 quaestoribus
511 990 760 1028 solvebantur
779 991 980 1038 pecuniae,
1008 991 1081 1029 hoc
1100 992 1184 1039 ipso
1214 1002 1344 1030 omnes
1373 1003 1472 1030 anno
1502 991 1671 1039 penden-

169 1052 242 1092 dae
271 1057 380 1091 erant
416 1056 532 1100 atque
566 1052 835 1099 pendebantur
862 1052 911 1091 ab
940 1054 995 1091 eis
1032 1054 1324 1101 quaestoribus,
1367 1055 1432 1102 qui
1460 1065 1597 1092 munus
1626 1065 1671 1093 eo

175 1119 349 1164 tempore
370 1115 583 1161 habebant3
611 1114 659 1152 ab
688 1114 906 1162 hieropoeis
934 1127 1025 1153 vero
1053 1116 1199 1154 relatae
1230 1128 1368 1163 magna
1397 1129 1443 1154 ex
1470 1122 1583 1164 parte
1611 1116 1671 1154 vel

169 1190 246 1216 uno
280 1179 339 1216 vel
377 1178 527 1217 duobus
562 1178 638 1216 iam
673 1181 761 1214 ante
797 1179 908 1215 aunis
942 1178 1215 1226 percipiendae
1252 1184 1363 1216 erant
1396 1183 1433 1216 et
1462 1179 1670 1217 traduntur

172 1240 222 1279 ab
250 1241 353 1279 illius
383 1241 474 1279 anni
502 1240 740 1288 hieropoeis,
777 1242 841 1289 qui
870 1242 945 1279 iam
973 1253 1131 1280 munere
1161 1241 1330 1281 defuncti
1359 1247 1469 1281 erant
1495 1265 1545 1270 —
1574 1243 1672 1281 duae

169 1308 318 1343 tantum
353 1315 541 1350 summae,
579 1316 654 1342 non
691 1305 747 1342 ita
781 1315 962 1352 magnae,
997 1305 1045 1342 ab
1080 1305 1298 1343 hominibus
1332 1307 1494 1353 privatis
1529 1305 1578 1344 ad
1606 1317 1672 1344 aes

169 1367 339 1406 alienum
375 1367 596 1406 solvendum
633 1379 777 1416 pensae
812 1369 851 1405 in
886 1369 1038 1406 aerario
1074 1369 1224 1416 positae
1260 1368 1441 1406 dicuntur
1469 1369 1518 1407 ab
1547 1370 1672 1407 hiero-

168 1430 277 1478 poeis
304 1430 396 1476 11118,
431 1430 496 1478 qui
525 1430 598 1468 1100
626 1441 727 1469 311110
757 1441 913 1468 munere
941 1429 1251 1478 fungebantur.⁶›
1299 1432 1506 1480 Expensae
1535 1431 1672 1470 deinde

172 1493 365 1540 pecuniae
393 1492 704 1540 perscribuntur,
734 1505 781 1531 ex
810 1504 900 1531 arca
928 1504 1041 1532 sacra
1069 1494 1294 1542 desumptae
1323 1494 1371 1532 ab
1401 1494 1670 1542 hieropoeis,⁷)

172 1556 538 1603 accuratissimeque
577 1555 809 1594 denotantur
843 1568 981 1602 urnae,
1023 1568 1069 1594 ex
1106 1556 1244 1604 quibus
1281 1561 1370 1594 sunt
1404 1556 1672 1605 depromptae;

169 1618 310 1656 mensis
331 1622 537 1666 praeterea
556 1618 723 1666 additur,
753 1631 829 1667 quo
852 1620 1026 1667 singulae
1062 1631 1230 1658 summae
1252 1624 1341 1657 sunt
1368 1632 1524 1667 pensae,
1555 1626 1670 1669 atque

172 1680 222 1720 ad
242 1693 355 1730 quem
373 1693 504 1720 usum:
535 1683 660 1720 sexies
689 1681 746 1724 εἷς
774 1681 823 1718 τὰ
851 1678 948 1732 ἔργα
975 1683 1162 1730 pecuniae
1191 1682 1465 1730 penduntur,⁸)
1497 1683 1556 1721 bis
1586 1685 1676 1722 cixi-

174 1744 246 1783 tati
273 1744 334 1783 vel
361 1744 506 1784 homini
532 1746 684 1794 privato
711 1749 866 1784 mutuae
896 1745 1050 1784 dantur.
1097 1746 1299 1785 Postremo
1329 1759 1428 1795 quae
1456 1748 1495 1785 in
1524 1750 1675 1787 aerario

259 1899 290 1942 3)
315 1898 416 1934 Dem.
442 1899 539 1934 arch.
564 1904 631 1934 rat.
657 1899 718 1934 lin.
738 1902 852 1935 4-10
869 1915 910 1930 =
929 1900 1108 1945 Amphicl.
1136 1901 1232 1935 arch.
1259 1907 1324 1935 rat:
1351 1901 1412 1936 lin.
1431 1904 1553 1936 3-10.

259 1956 291 1998 4)
315 1955 416 1991 Dem.
443 1956 540 1992 arch.
566 1961 632 1991 rat.
659 1957 719 1991 lin.
742 1959 891 2001 11-373
925 1957 987 1992 cfr.
1023 1957 1200 2002 Amphicl.
1228 1958 1324 1992 arch.
1351 1964 1417 1992 rat.
1444 1958 1503 1992 lin.
1534 1961 1573 1994 10
1621 1962 1675 1993 78.

261 2014 291 2057 ⁵)
322 2010 413 2047 Τόδε
439 2012 522 2047 ἄλλο
540 2013 722 2058 ἀργύριον
749 2014 861 2061 ἐτέθη
880 2015 937 2048 ἐπὶ
963 2018 1027 2059 τῆς
1051 2015 1237 2059 ἡμετέρας
1262 2016 1380 2062 ἀρχῆς
1407 2016 1457 2054 εἰς
1475 2016 1542 2060 τὴν
1571 2017 1673 2059 ἱερὰν

169 2070 348 2112 κιβωτόνε
385 2070 529 2105 Demar.
556 2071 652 2106 arch.
679 2076 744 2106 rat.
771 2071 832 2106 lin.
851 2075 997 2107 52-55.
1107 2073 1136 2113 6)
1162 2071 1219 2106 Ad
1244 2072 1333 2107 haec
1359 2073 1421 2108 cfr.
1447 2073 1606 2108 tabulam
1633 2074 1677 2107 ab

169 2128 348 2164 Homollio
374 2129 628 2164 commentario
654 2140 736 2174 suo,
769 2140 874 2174 quem
900 2130 1044 2174 saepius
1070 2129 1347 2174 appellavimus,
1379 2130 1538 2165 additam
1563 2131 1592 2164 B
1619 2130 1677 2171 (ad

169 2196 250 2232 pag.
269 2188 344 2229 61):
369 2186 530 2221 invenies
548 2187 614 2222 sub
639 2187 760 2222 littera
777 2187 799 2222 b
825 2187 996 2232 pecunias
1024 2198 1145 2222 omnes
1164 2187 1327 2231 scriptas.
1353 2198 1445 2231 quae
1472 2198 1493 2222 a
1511 2195 1676 2232 quaesto-

168 2243 269 2279 ribus
301 2248 385 2279 sunt
414 2243 551 2279 relatae
583 2265 617 2269 -
646 2255 768 2280 omnes
800 2245 955 2280 traditae
990 2244 1158 2280 dicuntur
1183 2255 1204 2278 a
1232 2243 1390 2289 Menyllo
1423 2251 1458 2280 et
1490 2245 1676 2279 Phocaeeo

168 2300 276 2336 huius
301 2300 416 2346 ipsius
441 2301 526 2336 anni
551 2302 822 2346 quaestoribus3
854 2308 978 2337 contra
1003 2302 1040 2336 in
1066 2302 1229 2346 pecuniis
1254 2302 1299 2336 ab
1325 2302 1528 2347 hieropoeis
1555 2313 1676 2337 nume-

169 2357 270 2402 ratis,
295 2367 447 2401 quarum
463 2368 601 2393 summa
625 2364 680 2394 est
703 2361 818 2394 10000
834 2359 1014 2394 drachmis
1031 2359 1155 2403 maior,
1182 2359 1241 2393 w'x
1264 2361 1349 2393 1400
1366 2359 1417 2393 dr.
1443 2370 1576 2404 pensae
1595 2366 1675 2394 sunt

169 2413 216 2450 ab
239 2413 330 2459 illis,
363 2414 425 2459 qui
451 2414 605 2450 Demare
631 2415 802 2451 archonte
828 2426 974 2451 munere
1001 2422 1083 2450 sunt
1107 2415 1239 2459 functi,
1270 2415 1452 2460 Pol-meno
1479 2416 1672 2460 Silenoque

174 2482 255 2507 cum
279 2471 439 2516 collegis.
558 2473 587 2517 ⁷)
614 2472 798 2513 ἐξείλομεν
826 2472 882 2506 ἐπὶ
909 2476 972 2516 τῆς
996 2473 1179 2516 ἡμετέρας
1205 2474 1336 2518 ἀρχῆςε
1369 2474 1469 2508 Dem.
1488 2474 1584 2508 arch.
1611 2480 1677 2508 rat.

169 2529 231 2564 lin.
247 2531 396 2564 55—73.
535 2530 565 2566 ⁸)
591 2529 711 2574 Opera
735 2529 824 2564 haec
851 2530 969 2564 omnia
994 2530 1198 2564 accuratius
1225 2530 1391 2565 videntur
1415 2541 1486 2565 una
1511 2541 1591 2565 cum
1618 2542 1677 2575 pe-

171 2586 288 2622 cuniis
313 2586 351 2621 in
376 2585 519 2630 singula
542 2587 710 2631 expensis
737 2587 871 2631 scripta
897 2586 1007 2621 fuisse
1034 2587 1069 2621 in
1096 2587 1313 2631 rationibus,
1348 2598 1440 2632 quae
1466 2588 1531 2622 sub
1557 2588 1678 2623 titulo:

174 2643 265 2677 τάδε
300 2643 476 2684 ἐξέδομεν
509 2642 598 2687 ἔργα
628 2644 722 2684 μετὰ
747 2644 975 2689 ἐπιμελητῶν
1003 2645 1090 2677 κατὰ
1123 2644 1165 2678 τὸ
1191 2645 1358 2690 ψήφισμα
1384 2647 1448 2678 τοῦ
1476 2646 1592 2690 δήμου
1620 2647 1677 2679 καὶ

174 2699 240 2738 τὰς
263 2700 383 2738 δόσεις
408 2699 540 2741 ἔδομεν
566 2700 782 2739 κελεύοντος
805 2701 862 2734 καὶ
889 2703 952 2734 τοῦ
979 2701 1238 2746 ἀρχιτέκτονος
1271 2701 1415 2736 additae
1449 2706 1532 2736 sunt
1557 2702 1677 2737 ins-en<

171 2756 345 2793 tariorum
369 2757 525 2803 tabulae,
550 2757 588 2792 in
612 2767 739 2793 aversa
764 2758 895 2805 lapidis
920 2764 1022 2804 parte
1048 2758 1192 2794 incisae.
