1957 3326
917 305 1193 345 -60-

306 427 500 481 ἄρχοντος
537 428 775 479 ἀμφικτὺοσι
812 431 891 471 τοῖς
927 426 987 466 ἐπὶ
1023 427 1286 478 Σωσιγένους,
1319 427 1357 464 οἷ
1391 426 1436 464 δὲ
1471 425 1736 478 ἀμφικτύονες
1768 426 1807 464 οἱ

305 491 364 530 ἐπὶ
384 492 628 540 Σωσιγένους
657 490 909 542 ἀμφικτὺοσιν
939 492 1018 533 τοῖς·
1046 488 1106 527 ἐπὶ
1128 489 1354 541 Νικομάχου
1383 490 1558 535 (lacunas
1586 491 1804 529 certissima

305 557 455 594 ratione
484 555 532 593 ab
553 555 744 593 11011101110
774 554 946 602 expletas
974 565 1050 592 non
1069 553 1271 600 iudicavi);
1301 553 1400 591 inter
1419 557 1550 592 cetera
1569 553 1805 602 amphictyo-

310 631 395 664 nes,
435 619 500 666 qui
536 617 719 665 Sosigene
757 617 939 656 archonte
977 617 1168 664 (Ol.10¹.›,
1198 622 1237 662 3)
1271 628 1428 654 munere
1463 615 1583 654 functi
1617 619 1726 663 sunt,
1762 627 1804 655 se

310 681 506 728 accepisse
535 679 667 718 dicunt
695 686 731 718 et
762 679 1054 718 succedentibus
1085 679 1290 718 tradidisse
1328 689 1490 717 coronas
1524 689 1662 718 aureas
1696 681 1805 727 pent-

307 743 470 780 eterieas
506 742 636 780 decem
672 747 710 780 et
737 748 842 789 octo,
877 754 1039 790 quarum
1068 743 1239 781 ultimam
1269 741 1516 780 sollemnibus
1543 741 1656 779 huius
1683 741 1804 789 ipsius

307 805 544 853 Olympiadis
575 805 926 853 quinquennalibus
947 811 1211 843 consecratam
1234 816 1318 843 esse
1338 804 1625 842 demonstratur
1645 814 1804 842 numero

306 879 435 906 earum
465 879 549 906 cum
570 867 836 915 Olympiadum
865 869 963 906 serie
984 868 1143 906 collato:
1173 878 1257 905 cum
1278 870 1405 905 autem
1425 865 1475 904 ab
1494 865 1805 914 amphictyonum

305 931 466 978 collegio
496 931 706 978 superioris
735 931 807 968 iam
838 931 928 968 anni
957 931 1007 968 sit
1035 929 1198 976 tradita,
1234 928 1368 976 Delia,
1405 927 1545 977 quibus
1573 931 1633 966 est
1665 927 1804 975 dicata,

305 1006 380 1032 non
411 993 459 1032 ad
488 994 588 1031 hunc
617 994 784 1039 tertium,
822 993 889 1031 sed
918 994 992 1031 iam
1021 993 1070 1031 ad
1099 993 1204 1030 illum
1234 991 1443 1030 secundum
1471 990 1710 1039 Olympiadis
1738 1001 1805 1029 an-

306 1068 412 1102 num,
450 1067 524 1104 quo
554 1055 794 1103 Pythodotus
829 1054 901 1093 fuit
935 1055 1098 1102 archon,
1134 1066 1218 1094 esse
1255 1053 1460 1093 referenda
1492 1057 1612 1102 patet.
1672 1054 1803 1102 Atque

305 1119 403 1156 idem
434 1118 560 1156 dicere
590 1119 681 1156 licet
709 1118 755 1156 de
784 1118 895 1157 titulo
937 1117 1101 1166 quodam
1137 1119 1212 1156 iam
1240 1117 1437 1156 Boeckhio
1473 1115 1702 1166 cognito‚⁸²)
1737 1116 1805 1155 ubi

304 1181 534 1229 profitentur
563 1181 600 1218 hi
629 1182 876 1228 magistratus
912 1192 935 1219 a
968 1181 1167 1228 superiore
1202 1181 1277 1219 iam
1312 1180 1492 1228 collegio,
1528 1178 1631 1228 quod
1665 1189 1804 1217 munus

305 1245 550 1282 sustinuisset
571 1244 770 1281 Euaeneto
799 1243 984 1281 archonte
1005 1242 1079 1288 (Ol.
1102 1248 1185 1290 111,
1207 1246 1260 1290 2),
1289 1243 1486 1290 accepisse
1515 1253 1556 1280 se
1584 1241 1803 1280 vicesimam

304 1318 484 1345 coronam
521 1307 621 1344 ludis
657 1305 1006 1354 quinquennalibus
1043 1305 1208 1344 dicatam
1245 1309 1361 1353 atque
1396 1305 1451 1343 eis
1492 1303 1665 1353 quidem,
1707 1315 1803 1352 quos

305 1369 426 1416 ipsius
457 1369 568 1407 huius
597 1367 835 1417 Olympiadis
865 1367 1052 1414 secundo,
1090 1378 1167 1406 non
1194 1367 1308 1406 tertio
1337 1377 1438 1406 anno
1466 1366 1682 1406 celebratos
1719 1378 1803 1406 esse

306 1431 450 1477 eadem,
482 1443 557 1479 qua
586 1442 715 1479 supra,
744 1430 1038 1468 ratiocinatione
1069 1430 1322 1478 assequimur.

412 1494 517 1540 Quae
554 1505 638 1532 cum
674 1495 729 1531 ita
763 1505 803 1531 se
838 1493 1023 1539 habeant,
1060 1493 1135 1531 iam
1172 1492 1427 1540 intellegitur,
1468 1502 1537 1530 cur
1571 1491 1642 1530 snb
1677 1492 1804 1540 ipsum

307 1557 449 1594 exitum
489 1556 645 1595 secundi
685 1556 742 1594 Ol.
776 1561 844 1594 101
889 1557 978 1594 anni
1016 1556 1281 1603 magistratum
1322 1555 1453 1593 inierit
1493 1554 1803 1603 amphictyonum

306 1620 507 1667 collegium
543 1631 640 1658 nova
674 1620 822 1657 ratione
859 1631 904 1657 ex
942 1618 1243 1656 Atheniensibus
1272 1617 1506 1666 Andriisque
1542 1617 1669 1665 quinis
1704 1628 1805 1656 com-

307 1682 493 1728 positum,
531 1681 675 1719 scilicet
714 1685 803 1729 post
831 1680 945 1718 Delia
972 1681 1105 1728 paucis
1135 1684 1224 1718 ante
1253 1679 1388 1718 diebus
1422 1683 1582 1728 peracta
1617 1691 1714 1718 novo
1749 1681 1806 1718 in-

308 1744 473 1791 cipiente
503 1745 775 1792 quinquennio.
832 1743 966 1791 Neque
995 1743 1194 1790 collegium
1231 1742 1343 1781 modo
1372 1753 1509 1780 novum
1533 1741 1607 1780 hoc
1633 1746 1805 1791 tempore

308 1808 572 1854 magistratum
602 1807 752 1852 iniisse,
788 1805 855 1843 sed
885 1806 999 1843 etiam
1028 1804 1399 1844 administrationem
1433 1807 1554 1843 totam
1589 1815 1688 1844 nova
1720 1805 1804 1854 lege

308 1881 392 1906 esse
421 1871 666 1908 constitutam
704 1870 761 1907 vel
797 1881 843 1907 ex
877 1869 943 1915 iis,
981 1879 1079 1916 quae
1117 1879 1236 1917 supra
1269 1867 1480 1916 disputavi,
1516 1871 1700 1916 apparet,
1736 1867 1805 1906 sed

308 1931 386 1978 hic,
423 1944 520 1980 quae
559 1936 672 1970 antea
709 1931 871 1970 diversis
906 1932 999 1969 locis
1033 1931 1167 1979 paucis
1201 1931 1330 1979 attigi,
1366 1930 1524 1970 uberius
1556 1930 1804 1980 pertractabo

307 2001 422 2044 atque
452 1997 489 2033 in
518 2008 632 2034 unum
662 1996 824 2034 collecta
851 1994 1004 2033 firmare
1033 1993 1213 2033 conabor.

411 2059 558 2097 Scimus
586 2059 683 2096 enim
713 2058 1015 2106 amphictyones,
1044 2068 1127 2095 cum
1157 2057 1279 2104 primo
1306 2057 1472 2095 triennio
1491 2067 1627 2096 munus
1646 2057 1802 2104 inirent,

309 2133 430 2169 neque
460 2122 498 2158 in
527 2121 677 2159 aerario
707 2120 767 2158 dei
797 2119 1006 2168 quidquam
1034 2123 1233 2167 acceptum
1261 2118 1442 2158 habuisse
1463 2130 1586 2168 neque
1606 2120 1803 2168 pecunias,

308 2196 406 2231 quae
428 2196 447 2221 e
470 2183 596 2221 fundis
626 2184 760 2221 locatis
781 2195 849 2231 per
869 2194 997 2229 unum,
1027 2194 1073 2220 ex
1100 2180 1285 2220 aedificiis
1304 2182 1437 2230 templi
1457 2182 1626 2230 propriis
1647 2181 1707 2221 vel
1733 2170 1805 2231 per

308 2247 403 2285 duos
424 2257 543 2284 anuos
560 2245 831 2294 percipiendae
848 2250 968 2292 eraut,
986 2245 1171 2293 exegisse,
1187 2248 1302 2292 atque
1318 2244 1413 2283 haec
1428 2244 1555 2283 omnia
1573 2245 1805 2294 magistrati-

309 2309 379 2347 bus
400 2308 557 2347 deliacis
578 2309 626 2347 ab
647 2310 702 2347 eis
723 2309 911 2357 permissa
931 2319 1015 2346 esse
1036 2308 1194 2355 conieci,
1211 2312 1249 2345 et
1268 2311 1372 2345 recte
1392 2306 1558 2355 quidem,
1579 2310 1621 2345 ut
1639 2307 1731 2346 mihi
1750 2308 1805 2346 vi-

308 2373 413 2419 deor,
450 2384 533 2410 cum
563 2377 626 2410 aut
657 2373 846 2411 aerarium
877 2383 1037 2410 vacuum
1067 2371 1185 2410 fuisse
1214 2375 1281 2410 aut
1309 2371 1506 2410 mercedes
1533 2370 1605 2420 pro
1633 2370 1804 2420 praediis

309 2436 444 2474 locatis
475 2435 598 2473 nullas
627 2434 787 2473 rediisse
817 2435 1021 2473 verisimile
1050 2445 1125 2472 non
1155 2435 1216 2472 sit.
1277 2434 1404 2483 Atque
1433 2433 1681 2474 confirmatur
1708 2434 1805 2473 haec

312 2499 457 2547 opinio,
487 2498 518 2535 si
549 2509 802 2545 expensorum
832 2498 1000 2536 rationes
1020 2500 1319 2545 perscrutamur.
1362 2497 1503 2537 Paucis
1522 2498 1621 2537 enim
1641 2497 1804 2545 omissis,

309 2561 355 2599 de
385 2560 536 2609 quibus,
566 2571 650 2598 cum
680 2561 873 2608 scriptura
901 2559 1105 2599 admodum
1134 2560 1185 2598 sit
1213 2559 1370 2608 detrita,
1398 2560 1494 2599 certi
1520 2560 1615 2599 nihil
1633 2562 1803 2600 statuere

309 2625 417 2671 licet,
460 2627 615 2671 praeter
650 2624 831 2670 pecunias
866 2621 1199 2670 amphictyonibus
1235 2622 1285 2661 ad
1322 2623 1463 2662 victum
1503 2621 1802 2671 comparandum

407 2760 444 2803 ⁴²)
471 2759 718 2795 Staatshaush.
745 2759 776 2793 d.
804 2759 932 2794 Athen.
959 2758 1027 2804 11³,
1052 2769 1084 2803 p.
1105 2759 1173 2794 286
1187 2757 1221 2793 ff.
1248 2773 1291 2790 =
1317 2756 1524 2803 c;1.A.*11,
1549 2758 1629 2794 824.
