1979 3326
742 298 1022 339 „37-

135 422 371 466 rettulit.¹¹⁶)
425 420 630 460 Difficilius
665 426 723 460 est
756 422 928 461 iudicare
964 423 1010 461 de
1045 423 1122 461 alio
1156 423 1269 460 huius
1305 424 1488 470 temporis
1517 422 1632 461 docu-

135 490 274 533 mento,
304 497 380 533 quo
401 484 577 523 aedificia
597 485 783 533 quaedam
805 486 1007 524 sarcienda
1026 485 1357 530 collocantur:11⁷)
1384 486 1422 522 in
1442 485 1513 523 hoc
1534 486 1632 524 enim

139 552 266 587 exstat
284 559 421 586 nomen
442 548 773 587 Hieromnemonis
793 549 989 587 cuiusdam
1010 549 1219 587 Tisimachi
1239 547 1307 585 filii
1329 560 1348 586 e
1369 547 1483 586 Coele
1504 548 1632 594 demo3

137 612 202 659 qui
231 612 263 648 si
291 611 391 649 idem
419 612 468 649 sit
501 616 617 660 atque
652 613 710 649 vir
737 612 849 650 huius
886 613 1048 650 nominis
1077 617 1115 650 et
1150 612 1267 659 demi,
1307 613 1372 660 qui
1403 612 1542 650 Euthio
1573 623 1632 650 ar·

134 674 272 712 chonte
301 673 375 719 (Ol.
409 679 491 720 124,
523 680 539 712 1
570 689 611 703 =
641 678 729 721 284)
758 676 796 712 in
826 675 1074 722 proedrorum
1105 687 1263 713 numero
1291 675 1462 721 fuit‚¹¹⁸),
1498 675 1632 713 titulus

138 738 201 775 vix
228 738 351 785 possit
379 739 556 786 superior
583 750 667 776 esse
697 739 911 787 olympiade
944 744 1035 786 116,
1065 739 1132 777 sed
1160 743 1287 787 potest
1316 749 1408 776 avus
1438 738 1518 775 eius
1547 749 1631 775 esse

134 799 342 838 secundum
373 801 609 840 notissimam
644 813 868 849 graecorum
906 802 1219 840 consuetudinem
1258 805 1433 849 nepotem
1470 802 1531 838 avi
1566 811 1631 838 no-

135 861 233 899 mine
262 862 496 910 appellandi.

237 925 314 963 Iam
345 927 383 962 in
412 926 675 964 examinandis
710 927 832 964 titulis
869 926 1025 964 deliacis
1058 928 1235 975 rarisque
1271 927 1499 974 scriptorum
1537 926 1630 964 locis

112 987 184 1026 ‘ad
213 989 354 1026 exitum
383 987 463 1027 fere
499 990 642 1028 saeculi
677 991 804 1038 quarti
831 991 1096 1037 pervenimus,
1135 1002 1209 1039 quo
1246 994 1397 1028 constat
1424 989 1558 1027 Delios
1592 989 1631 1025 in

134 1052 416 1099 possessionem
453 1052 615 1090 rediisse
649 1053 876 1101 templorum
906 1064 1078 1091 suorum:
1115 1053 1160 1091 de
1189 1055 1273 1101 ipso
1303 1064 1421 1098 anno,
1457 1064 1531 1100 quo
1561 1052 1631 1089 hoc

132 1113 273 1152 factum
304 1118 372 1162 est,
402 1115 527 1153 adhuc
555 1115 773 1162 ambigitur.
829 1116 1043 1154 Homollius
1079 1116 1230 1164 quidem
1265 1117 1305 1154 in
1333 1116 1432 1154 libro
1460 1115 1630 1153 luculen-

134 1178 294 1221 tissimo,
326 1189 438 1226 quem
467 1178 514 1216 de
542 1179 759 1227 hieropoeis
785 1179 943 1218 deliacis
970 1180 1207 1227 conscripsit.
1239 1180 1332 1218 satis
1363 1179 1546 1227 speciosis
1570 1189 1630 1216 ra-

135 1240 303 1278 tionibus
321 1241 488 1289 probare
505 1242 663 1289 studuit,
678 1241 796 1280 fuisse
817 1254 955 1280 annum
984 1242 1189 1280 secundum
1208 1241 1266 1280 01.
1288 1249 1299 1280 l
1315 1248 1356 1280 16
1374 1251 1433 1285 (=
1450 1240 1628 1288 315)‚¹¹⁹)

134 1303 203 1342 sed
230 1315 307 1342 non
334 1306 539 1353 persuasit.
595 1306 730 1354 Neque
767 1310 910 1344 temere
945 1306 1037 1343 mihi
1064 1305 1197 1344 videor
1225 1310 1293 1344 aut
1319 1306 1390 1343 viri
1419 1304 1629 1342 doctissimi

133 1368 362 1406 sententiam
388 1369 632 1417 impugnare,
668 1371 733 1417 qui
768 1370 806 1406 in
843 1369 915 1407 hac
943 1368 1094 1417 quidem
1125 1380 1242 1407 causa
1270 1369 1399 1406 nescio
1429 1380 1477 1406 an
1505 1368 1629 1405 minus

131 1435 269 1469 cautus
289 1430 406 1469 fuerit
425 1443 537 1479 quam
560 1432 668 1479 solet,
697 1436 765 1470 aut
792 1433 846 1469 sic
867 1437 1051 1478 statuere,
1082 1443 1156 1480 quo
1176 1436 1349 1479 tempore
1370 1431 1628 1469 Athenienses

133 1495 364 1542 templorum
397 1494 629 1533 deliacorum
657 1495 1026 1534 administrationem
1055 1495 1264 1540 amiserint,
1294 1506 1391 1541 quae
1420 1505 1521 1531 nunc
1547 1495 1628 1542 qui-

132 1557 217 1595 dem
252 1562 385 1596 nostra
419 1557 465 1596 de
503 1557 615 1596 huius
650 1559 788 1596 aetatis
823 1557 938 1595 rebus
967 1558 1072 1595 notio
1101 1558 1166 1601 sit,
1203 1558 1345 1596 certius
1375 1556 1525 1595 definiri
1553 1569 1628 1596 non

131 1631 260 1668 posse,
289 1622 362 1659 nisi
390 1622 456 1668 ita,
485 1625 527 1658 ut
554 1620 694 1659 factum
715 1621 787 1659 hoc
807 1632 890 1658 esse
911 1620 1081 1658 dicamus
1109 1631 1185 1658 non
1215 1625 1302 1658 ante
1323 1620 1511 1658 Demetrii
1530 1620 1627 1658 Pha-

131 1683 224 1721 lerei
252 1684 309 1722 rei
335 1683 513 1732 publicae
542 1684 787 1722 Atheniensis
821 1685 1141 1732 procurationem.
1198 1685 1254 1721 Ac
1281 1684 1444 1731 primum
1474 1683 1626 1731 quidem

133 1758 208 1784 non
227 1758 382 1794 possum
403 1748 581 1786 assentiri
601 1747 802 1789 Homollio.
833 1747 974 1784 dicenti
1001 1759 1020 1784 e
1046 1747 1180 1794 viginti
1208 1750 1245 1784 et
1264 1747 1376 1784 unius
1397 1757 1625 1784 coronarum

130 1811 453 1857 pentetericarum
482 1810 714 1852 numer0120)
749 1821 938 1858 apparere
971 1810 1084 1847 Delia
1117 1810 1288 1847 ultimum
1319 1809 1514 1847 celebrata
1543 1821 1626 1847 esse

131 1872 355 1921 Olympiade
387 1879 475 1911 112:
517 1873 613 1922 fugit
649 1874 745 1911 enim
782 1874 903 1910 virum
941 1872 1092 1911 doctum
1129 1876 1193 1917 (an
1222 1872 1283 1909 hic
1310 1872 1443 1910 titulus
1473 1873 1506 1910 ei
1535 1882 1627 1909 non-

131 1936 219 1974 dum
254 1940 367 1974 notus
397 1936 524 1983 erat?)
552 1942 710 1984 praeter
743 1935 811 1974 has
847 1946 1025 1981 coronas,
1061 1946 1160 1983 quae
1189 1936 1228 1972 in
1255 1936 1406 1983 pariete
1434 1935 1627 1983 pepende-

132 2004 235 2044 runt,
265 2011 379 2038 unam
407 1999 524 2038 fuisse
552 2011 710 2047 eamque
729 2001 888 2048 primam
920 1999 1082 2038 dicatam
1111 1997 1206 2048 πρὸς
1233 1999 1302 2048 τῆς
1332 1997 1486 2048 Λητοῦς
1514 1997 1628 2048 ἀγάλ-

131 2061 310 2112 ματι,121)
345 2074 458 2111 quam
488 2067 638 2101 statuae
667 2064 761 2101 deae
790 2062 1000 2101 detractam
1031 2066 1068 2100 et
1096 2063 1184 2100 item
1221 2073 1328 2100 muro
1363 2060 1513 2100 affixam
1545 2074 1628 2100 esse

132 2126 194 2162 vix
230 2125 414 2164 credibile
450 2131 525 2172 est3
561 2127 762 2164 universae
798 2127 916 2173 igitur
944 2136 1108 2163 coronae
1137 2135 1221 2162 cum
1250 2123 1394 2163 fuerint
1430 2125 1563 2172 viginti
1592 2129 1629 2162 et

130 2188 248 2236 duae,
282 2189 516 2237 perspicitur
549 2189 719 2227 ultimam
751 2200 835 2226 esse
864 2188 1027 2226 dicatam
1059 2187 1117 2226 Ol.
1152 2193 1239 2235 113,
1268 2192 1311 2225 ut
1339 2198 1423 2225 mea
1451 2193 1508 2225 est
1540 2199 1625 2225 sen-

129 2252 271 2299 tentia,
305 2251 473 2290 secundo
507 2263 608 2290 anno
637 2260 695 2294 (=
726 2256 829 2295 326).
884 2251 1085 2289 Proximos
1120 2254 1246 2289 autem
1275 2250 1386 2289 ludos
1415 2252 1628 2299 quinquen-

129 2315 236 2354 nales
264 2315 338 2354 iam
367 2326 443 2354 non
477 2314 693 2354 celebratos
730 2326 814 2353 esse
848 2318 1008 2363 propter
1043 2315 1176 2363 iniqua
1209 2314 1300 2352 belli
1327 2313 1498 2353 Lamiaci
1533 2319 1627 2352 tem-

222 2470 284 2512 ι16)
305 2469 344 2505 C.
357 2469 384 2504 1.
399 2470 443 2504 A.
469 2469 514 2514 11,
531 2472 598 2505 824
615 2485 655 2499 =
674 2468 833 2513 Boeckh,
852 2467 1100 2504 Staatshaush.
1119 2467 1151 2502 d.
1173 2467 1304 2502 Athen.
1322 2467 1356 2501 11
1373 2467 1399 2511 ³,
1416 2478 1449 2512 p.
1468 2469 1535 2503 286
1550 2477 1628 2512 sqq.

221 2527 283 2570 117)
306 2526 400 2562 Bull.
426 2526 459 2562 d.
484 2527 581 2562 Corr.
608 2526 700 2562 Hell.
727 2526 824 2569 VIII,
850 2537 883 2571 p.
910 2527 986 2560 323.
1127 2524 1187 2568 ¹¹⁸)
1212 2524 1249 2559 C.
1264 2524 1290 2559 1.
1304 2525 1346 2559 A.
1373 2524 1418 2568 II,
1436 2527 1514 2560 314.

221 2584 281 2630 ¹¹⁹)
312 2584 486 2620 Archives
519 2584 563 2620 de
594 2583 836 2619 l‘Intendance
869 2583 990 2618 sacree
1022 2582 1044 2617 a
1074 2582 1200 2626 Delos,
1232 2593 1266 2627 p.
1297 2585 1341 2618 26
1358 2593 1452 2627 sqq.:
1498 2582 1560 2616 »de
1594 2582 1627 2616 la

131 2641 240 2678 dux-ee
265 2642 309 2678 de
339 2642 546 2678 l'existence
570 2641 834 2687 independante
863 2641 906 2676 de
932 2641 1072 2676 Delos«
1217 2639 1278 2681 ¹²⁰)
1304 2639 1373 2674 Tot
1398 2645 1540 2675 exstant
1565 2651 1627 2674 nu-

130 2704 288 2736 meratae
312 2699 350 2735 in
374 2699 506 2735 Charil.
531 2699 628 2735 arch.
654 2699 723 2734 inv.
747 2698 842 2734 ined.
867 2697 928 2733 lin.
954 2700 1009 2733 57.
1132 2697 1191 2742 121)
1216 2697 1408 2732 Timocrat.
1434 2697 1530 2732 arch.
1558 2697 1627 2732 inv.

131 2756 192 2791 lin.
222 2758 301 2792 108:
326 2756 419 2792 Bull.
444 2756 477 2792 d.
503 2756 601 2792 Corr.
626 2756 719 2791 Hell.
747 2756 790 2800 X,
815 2766 848 2800 p.
874 2758 951 2790 465.
