1979 3326
747 346 1028 387 -81-

138 473 289 511 collatis
317 482 414 520 quae
443 472 481 509 in
511 483 554 510 eo
592 476 746 510 servata
781 476 869 509 sunt
904 472 990 509 inde
1028 484 1050 510 a
1083 472 1185 509 linea
1220 470 1367 509 decima
1402 493 1450 497 —
1485 480 1641 518 praece·

138 534 234 572 dunt
268 535 381 571 unius
418 545 550 571 versus
587 534 712 582 spatio
755 545 874 572 vacuo
909 535 1046 572 relicto
1088 535 1338 581 pecuniarum
1374 533 1434 571 dei
1471 534 1641 571 rationes

137 597 467 645 amphictyonicae
510 619 559 622 —
601 608 682 634 curn
720 598 925 634 inventarii
962 598 1178 635 Timocrate
1215 597 1398 635 archonte
1436 596 1642 643 perscripti

138 661 248 698 lineis
269 665 433 698 10—20:
462 660 587 707 ipsum
611 661 710 697 enim
732 659 987 698 Leostratidis
1017 660 1214 699 donatoris
1236 672 1384 706 nomen,
1415 659 1516 707 quod
1539 664 1642 697 utro-

139 735 212 771 que
240 723 325 761 loco
360 724 400 760 in
438 724 722 761 enumeratione
761 724 884 770 quinti
919 723 1064 761 ordinis
1102 724 1341 762 vasculorum
1379 724 1565 770 occurrit,
1601 727 1641 760 ut

138 787 375 824 rarissimum
405 785 545 824 sufficit
573 786 621 825 ad
658 786 919 824 dubitationes
957 799 1088 825 omnes
1122 787 1333 834 tollendas,
1372 797 1454 824 cum
1494 787 1644 834 reliqua

138 850 265 888 omnia
292 850 368 887 sint
396 850 600 888 simillima.

242 913 368 951 Aliter
395 925 457 952 res
487 925 526 952 se
546 914 663 952 habet
683 915 729 952 de
750 913 962 962 fragmento
986 913 1240 961 secund0,101)
1270 914 1336 952 ubi
1355 914 1508 962 phialae
1530 925 1645 961 quae—

139 976 226 1015 dam
251 976 536 1027 μιλησιουργεῖς
571 982 931 1016 commemorantur:
975 979 1014 1015 in
1042 979 1163 1016 titulis
1199 979 1298 1015 enim
1328 977 1644 1025 amphictyonicis

141 1052 328 1088 nusquam
351 1051 442 1078 vasa
457 1040 673 1078 huiusmodi
693 1042 957 1088 inveniuntur3
979 1041 1046 1078 sed
1067 1052 1151 1078 cum
1172 1041 1473 1079 inventariorum
1494 1040 1643 1078 Dianae

140 1104 273 1151 templi
302 1107 458 1152 praeter
485 1105 672 1152 integrum
702 1116 818 1141 unum
845 1104 920 1143 duo
941 1105 1205 1143 tantummodo
1235 1108 1388 1142 exstent
1416 1103 1642 1151 fragmenta,

140 1178 269 1214 unum,
299 1167 402 1215 quod
430 1167 542 1206 modo
579 1169 837 1215 tractavimus,
869 1173 906 1205 et
942 1169 1123 1215 alterum,
1160 1169 1198 1205 in
1234 1180 1309 1216 quo
1344 1172 1426 1206 tota
1460 1168 1544 1214 illa,
1578 1167 1643 1204 ubi

139 1229 291 1277 phialae
321 1241 393 1278 per
421 1230 577 1268 ordines
598 1230 809 1278 dispositae
830 1232 1024 1268 recenseri
1045 1231 1179 1273 solent,
1210 1242 1301 1279 pars
1322 1230 1528 1277 intercidit,
1559 1231 1644 1278 quis

140 1304 281 1341 negare
303 1293 445 1332 audeat
463 1295 636 1342 potuisse
656 1295 871 1342 posteriore
893 1298 1065 1342 tempore
1086 1306 1156 1342 per
1176 1293 1308 1332 decem
1330 1294 1494 1342 amplius
1518 1293 1644 1341 Olym-

140 1356 275 1404 piades
303 1359 340 1395 in
370 1357 586 1406 phialarum
615 1358 748 1395 harum
776 1369 975 1395 numerum
1001 1357 1186 1405 quasdam
1215 1358 1336 1405 recipi
1364 1356 1644 1407 μιλησιουργῶν

139 1422 291 1459 nomine
320 1420 568 1468 designatas?
599 1421 715 1458 Nulla
735 1426 838 1459 certe
860 1428 917 1458 est
937 1432 1068 1468 causa,
1097 1432 1165 1458 cur
1184 1420 1233 1459 ad
1254 1419 1495 1468 deperditum
1516 1421 1644 1467 potius

140 1484 332 1532 quoddam
366 1485 621 1523 inventarium
650 1485 841 1532 Apollinis
878 1485 1029 1532 templi,
1065 1496 1089 1523 a
1123 1485 1264 1522 nostris
1301 1484 1513 1530 diversum,
1548 1482 1644 1521 refe-

142 1551 261 1585 ratur.
315 1547 506 1594 Quattuor
535 1551 662 1585 autem
691 1548 768 1585 alia
795 1546 1011 1595 fragmenta
1038 1548 1114 1585 iam
1143 1559 1262 1595 supra
1290 1547 1368 1584 dixi
1398 1548 1499 1585 inter
1527 1559 1567 1585 se
1597 1549 1645 1585 si-

140 1610 298 1648 millima
327 1608 499 1657 esse,¹⁰2)
534 1621 619 1647 cum
647 1611 686 1647 in
723 1610 898 1648 omnibus
927 1622 988 1648 res
1018 1610 1174 1648 eaedem
1209 1615 1504 1649 recenseantur:
1543 1610 1645 1661 30ch-

139 1685 237 1724 ,υους
265 1668 446 1722 ἐᾷιβολον,
476 1670 625 1723 κρατὴρ
655 1687 737 1723 τρεη
766 1672 898 1715 ετικὸς
909 1701 1170 1716 .........
1199 1672 1380 1710 στύππινα
1410 1673 1461 1722 ll,
1493 1674 1646 1725 ἱμάντες

144 1740 181 1775 et
210 1737 286 1774 alia
322 1735 538 1774 huiusmodi
576 1737 767 1784 supellex,
805 1749 928 1785 neque
958 1737 1135 1775 dubitare
1165 1738 1273 1782 licet,
1311 1739 1402 1786 quin
1439 1739 1515 1776 sint
1549 1738 1646 1777 refe-

142 1799 264 1838 renda
298 1798 346 1837 ad
382 1798 552 1837 eiusdem
587 1799 759 1838 thesauri
795 1801 1028 1848 inventaria,
1064 1802 1130 1848 qui
1165 1801 1204 1838 in
1240 1801 1389 1839 duobus
1425 1802 1647 1840 nominatim

142 1863 380 1911 appellatur:
419 1861 460 1899 ἐν
490 1861 641 1907 Ναξίων
675 1861 781 1913 οἴκῳ.
838 1863 955 1901 Cuius
990 1865 1162 1902 thesauri
1199 1864 1302 1912 quod
1331 1865 1550 1903 Timocrate
1586 1877 1647 1903 ar-

143 1926 281 1964 chonte
310 1925 417 1964 nulla
444 1925 487 1963 fit
513 1927 669 1974 mentio,
698 1927 910 1974 putandum
940 1932 999 1965 est
1025 1939 1110 1965 euni
1139 1932 1206 1965 aut
1234 1927 1400 1966 nondum
1430 1929 1647 1967 institutum

142 1987 262 2026 fuisse
291 1992 358 2026 aut
392 1992 529 2036 postea
568 1991 747 2038 usurpari
783 1996 961 2038 coeptum
999 2002 1081 2028 esse
1117 1990 1165 2028 ad
1195 1991 1449 2029 asservandas
1486 2004 1546 2030 res
1582 1994 1648 2031 mi·

144 2052 249 2089 noris
278 2052 413 2099 pretii,
448 2063 534 2090 cum
570 2053 833 2091 crescentibus
869 2055 908 2092 in
947 2054 1029 2092 dies
1065 2055 1256 2102 Apollinis
1291 2055 1433 2093 divitiis
1469 2056 1575 2094 locus
1610 2058 1648 2095 in

143 2115 286 2163 templo
316 2126 391 2153 non
420 2115 626 2154 sufficeret.
685 2117 785 2155 Huic
813 2118 888 2165 ipsi
923 2119 1008 2156 usui
1038 2118 1183 2156 liberae
1211 2119 1447 2166 reipublicae
1476 2124 1648 2168 tempore

144 2179 284 2218 scimus
323 2182 486 2219 servisse
523 2180 824 2229 Chalcothecen,
861 2194 974 2230 quam
1004 2195 1233 2231 quamquain
1271 2184 1364 2221 nihil
1401 2185 1529 2222 obstat
1558 2196 1650 2232 quo-

143 2243 268 2281 minus
306 2244 380 2282 iam
418 2244 488 2282 sub
523 2245 815 2283 Atheniensium
852 2245 1110 2284 dominatione
1147 2251 1362 2285 statuamus
1399 2259 1482 2285 esse
1519 2247 1650 2285 aedili-

147 2309 284 2352 catam‚
313 2307 560 2345 verisimilius
590 2311 716 2346 tamen
745 2308 1002 2347 videturesse
1031 2311 1246 2348 institutam
1274 2311 1321 2348 ad
1352 2322 1527 2357 magnum
1557 2317 1651 2349 tem-

146 2368 263 2416 plum,
292 2380 422 2417 regum
449 2369 738 2417 diadochorum,
769 2373 833 2419 qui
855 2373 1112 2420 appellantur,
1143 2373 1253 2411 donis
1283 2374 1569 2421 locupletatum,
1601 2375 1651 2412 le-

148 2431 313 2470 vandum
342 2432 441 2470 mole
470 2445 598 2471 rerum
625 2445 850 2481 aenear11m3
879 2440 1014 2482 postea
1042 2437 1079 2473 in
1106 2435 1386 2475 Clialcotheeae
1416 2437 1537 2474 locum
1569 2449 1652 2475 suc-

146 2495 310 2533 cessisse
346 2500 500 2534 constat
534 2495 696 2546 πώρινυν
725 2498 888 2546 primum
918 2495 1042 2546 οἷκον,
1078 2499 1217 2538 deinde
1250 2498 1422 2549 Ἀνδρίων
1457 2497 1649 2545 οἶκον,103)

149 2557 215 2595 ubi
246 2559 285 2595 in
312 2559 537 2597 inventariis
564 2559 728 2599 Demare
763 2561 945 2599 archonte
973 2564 1199 2611 perscriptis
1230 2568 1268 2601 et
1296 2562 1394 2606 νειὸς
1422 2559 1586 2613 ἔμβολον
1615 2569 1652 2602 et

238 2703 299 2744 ¹⁰1)
325 2701 417 2736 Bull.
443 2701 476 2737 d.
503 2703 600 2738 Corr.
627 2703 719 2738 Hell.
739 2704 834 2746 vill,
862 2716 893 2748 p.
915 2708 991 2741 316.
1136 2706 1195 2746 ¹⁰²)
1223 2706 1259 2741 C.
1277 2707 1302 2740 I.
1319 2708 1361 2740 A.
1390 2707 1433 2750 II,
1451 2710 1652 2743 825-827:

148 2757 239 2792 Bull.
266 2758 298 2793 d.
325 2759 422 2794 Corr.
448 2759 541 2794 Hell.
569 2760 665 2804 VIII,
693 2772 724 2805 p.
750 2765 942 2797 320-323.
1086 2765 1143 2805 103)
1170 2764 1261 2798 Bull.
1289 2764 1321 2798 d.
1350 2764 1446 2798 Corr.
1474 2764 1565 2799 lIell.
1596 2765 1652 2806 Vl,

151 2826 183 2860 p.
215 2817 287 2850 100.

218 2879 252 2905 B.
274 2879 317 2906 et.
351 2879 400 2905 lx.
435 2881 459 2906 1.
1338 2881 1359 2913 6
