1990 3337
969 280 1213 321 ,6-

335 391 458 440 bium,
493 396 584 442 quin
614 397 773 447 Ortygia
801 401 850 438 sit
878 402 1004 441 insula
1031 403 1179 445 Dianae
1214 419 1326 447 sacra
1360 411 1502 459 solius,
1536 424 1613 453 non
1647 426 1725 454 una
1754 428 1840 456 cum

335 455 530 503 Apolline:
561 464 652 507 quin
674 463 788 500 etiam
810 465 964 503 credam
985 466 1082 506 hanc
1102 468 1270 509 fabulam
1291 474 1547 522 antiquiorem
1568 476 1688 517 fuisse
1710 492 1756 519 ea
1775 493 1840 520 ne-

334 519 578 567 cessitudine,
609 535 706 570 quae
735 530 873 572 postea
900 528 1003 566 inter
1027 531 1159 570 ambos
1180 534 1419 583 intercessit;
1449 542 1553 577 certe
1575 539 1736 590 Ortygia
1756 555 1841 582 cuni

333 580 530 621 Artemide
566 587 779 626 arctissime
815 592 1021 631 coniuncta
1051 600 1110 632 est
1138 597 1327 646 simulque
1356 611 1440 637 cum
1469 600 1564 640 deae
1593 603 1706 643 huius
1735 607 1840 645 cultu

336 645 513 691 migravit
556 658 641 685 cum
678 649 894 700 Ephesum,
936 658 1015 693 tum
1059 657 1348 708 Syracusas,¹⁶)
1389 663 1454 701 ubi
1490 666 1722 706 Arethusam
1764 681 1840 708 non

333 718 416 745 esse
451 710 524 747 nisi
560 708 786 761 ὑπόστασιν,
822 719 864 752 ut
896 717 951 755 ita
986 718 1130 767 dicam,
1160 724 1368 762 Artemidis
1396 727 1463 773 iis,
1493 739 1592 775 quae
1621 730 1732 769 nobis
1761 735 1838 770 tra-

332 768 429 808 didit
457 770 671 811 Pausanias
700 775 747 813 de
772 777 982 818 Artemidis
1003 782 1316 829 Alphaeonitidis
1345 789 1466 827 sacris
1487 790 1707 840 Alpheique
1735 805 1838 833 amo-

330 833 439 871 ribus
475 834 672 874 frustratis
708 838 811 877 clare
847 842 1098 889 evinciturfl)
1155 846 1238 893 Quo
1272 851 1446 897 tempore
1482 852 1665 902 Ortygiae
1699 867 1837 895 nomen

332 896 380 933 ad
415 896 554 934 Delum
591 910 743 948 quoque
779 904 1010 942 translatum
1047 908 1115 954 sit,
1151 909 1382 958 investigare
1424 925 1500 952 non
1541 916 1633 954 licet
1672 919 1837 966 primus-

330 969 421 1005 que,
459 960 561 1007 quod
597 962 750 1009 quidem
794 965 904 1004 nobis
946 974 1114 1017 constet,
1150 972 1222 1011 hoc
1264 976 1415 1014 nomine
1457 977 1621 1017 insulam
1664 982 1836 1029 appella-

331 1021 385 1058 vit
419 1021 588 1061 Atthidis
625 1026 791 1074 scriptor
826 1028 1173 1082 Phanodemus,¹⁸>
1214 1038 1338 1076 medio
1382 1041 1536 1079 saeculo
1580 1047 1718 1091 quarto
1759 1057 1836 1084 non

327 1085 540 1133 antiquior,
582 1088 649 1125 sed
691 1101 738 1127 ne
780 1095 860 1129 tum
903 1094 1056 1141 quidem
1099 1099 1274 1138 omnibus
1316 1101 1416 1140 hanc
1456 1104 1675 1151 opinionem
1716 1106 1834 1147 fuisse

326 1147 531 1194 probatam
570 1161 655 1188 cum
690 1159 1034 1195 commentatorum
1070 1160 1442 1212 Alexandrinorum,
1487 1167 1552 1214 qui
1586 1168 1643 1205 illi
1676 1168 1834 1209 Homeri

326 1211 454 1246 versui
503 1212 732 1259 explicando
776 1227 930 1263 operam
974 1226 1183 1270 navarunt,
1234 1225 1361 1264 verbis
1404 1227 1711 1280 demonstratur,
1752 1238 1834 1273 tum

330 1271 528 1311 Strabonis
564 1277 803 1325 testimonio,
846 1281 911 1328 qui
950 1282 1147 1323 Rheneam
1184 1287 1348 1327 insulam
1384 1291 1598 1339 antiquitus
1634 1294 1833 1345 Ortygiam

326 1332 467 1372 dictam
498 1347 581 1374 esse
610 1338 721 1377 nobis
750 1342 980 1391 tradidit,19)
1010 1348 1244 1387 Artemidori
1273 1352 1469 1401 nimirum,
1506 1355 1710 1396 clarissimi
1744 1371 1832 1407 geo-

323 1398 478 1445 graphi,
520 1399 642 1439 fretus
678 1406 928 1454 auctoritate,
972 1420 1085 1456 quem
1120 1414 1255 1459 paucis
1290 1419 1406 1455 antea
1439 1417 1550 1456 lineis
1588 1420 1829 1462 laudaverat.

325 1459 400 1497 Sed
433 1462 538 1510 pluS,
575 1476 687 1512 quam
723 1468 844 1515 volui,
879 1470 918 1507 in
955 1470 1028 1510 hac
1055 1485 1097 1511 re
1126 1478 1312 1523 temporis
1341 1481 1504 1519 contrivi
1533 1494 1657 1531 neque
1691 1484 1827 1535 habeo,

324 1525 426 1571 quod
462 1526 573 1564 dictis
608 1529 684 1566 iam
719 1530 941 1580 adiungam,
977 1536 1051 1573 nisi
1086 1536 1132 1575 de
1163 1538 1346 1588 Ortygiae
1375 1546 1528 1583 nomine
1555 1547 1703 1587 insulae
1732 1548 1830 1589 falso

323 1587 468 1626 tributo
511 1593 728 1630 consentire
770 1606 917 1634 mecum
952 1599 1074 1637 virum
1110 1601 1245 1641 harum
1281 1616 1410 1644 rerum
1445 1609 1719 1655 peritissimum
1753 1612 1828 1651 Ro-

322 1649 470 1688 bertum
501 1653 539 1689 in
569 1653 731 1693 Prelleri
761 1659 1018 1709 mythologiae
1049 1664 1217 1704 editione
1246 1670 1577 1719 recentissimam)

421 1714 491 1752 His
518 1716 593 1754 iam
623 1720 796 1758 versibus
817 1722 974 1762 Homeri
1003 1728 1161 1766 remotis
1190 1740 1288 1769 unus
1317 1735 1580 1773 tantummodo
1609 1737 1713 1785 apud
1742 1750 1827 1777 eum

318 1777 490 1825 reliquus
532 1783 591 1817 est
632 1781 757 1829 locus,
802 1786 867 1832 qui
909 1787 958 1825 ad
1000 1792 1170 1829 nostram
1211 1792 1377 1833 insulam
1418 1801 1585 1846 spectet3
1627 1806 1827 1850 comparat

321 1839 455 1878 Ulixes
492 1841 644 1881 Alcinoi
686 1843 803 1884 filiam
845 1859 930 1887 cum
971 1852 1101 1898 palma
1142 1854 1191 1892 ad
1232 1866 1337 1894 aram
1373 1858 1565 1907 Apollinis
1600 1862 1688 1901 Deli
1725 1875 1825 1903 cres-

317 1901 491 1949 cente-2¹)
552 1906 687 1946 Palma
729 1914 833 1947 certe
877 1915 952 1959 est,
996 1914 1045 1952 ad
1087 1917 1195 1955 cuius
1237 1919 1388 1959 radices
1431 1923 1574 1963 adnixa
1606 1926 1824 1974 Apollinem

316 1964 464 2004 Latona
494 1968 531 2005 in
561 1969 684 2008 lucem
714 1972 881 2012 edidisse
911 1975 1051 2015 dicitur
1080 1979 1117 2016 in
1147 1980 1316 2030 Hymno,
1349 1986 1415 2032 qui
1443 1986 1494 2024 ad
1520 1987 1740 2036 Apollinem
1767 1991 1822 2029 in·

317 2028 574 2076 scribitur322)
610 2032 711 2070 inter
746 2048 857 2082 quem
894 2038 1074 2085 hymnum
1105 2046 1143 2079 et
1171 2043 1368 2091 Odysseae
1396 2047 1537 2087 librum
1566 2054 1716 2089 sextum
1744 2063 1821 2091 non

316 2100 493 2137 magnum
523 2097 626 2131 certe
653 2096 895 2137 intervallum
916 2104 1100 2149 temporis
1120 2106 1337 2155 intercedit,
1367 2122 1484 2158 quum
1505 2111 1702 2160 Odysseae
1723 2113 1822 2153 hane

319 2156 466 2198 partem
496 2155 597 2192 inter
626 2159 851 2199 novissimas
881 2163 1052 2203 referant
1080 2168 1150 2205 viri
1179 2169 1313 2208 harum
1343 2175 1611 2220 quaestionum
1639 2177 1768 2223 periti.

416 2215 588 2262 Hymnus
630 2219 712 2266 ille,
755 2224 862 2261 cuius
903 2231 1052 2273 partem
1095 2232 1401 2279 antiquissimam
1443 2236 1492 2274 ad
1534 2239 1687 2286 septimi
1727 2243 1818 2278 ante

315 2281 484 2315 nostram
514 2290 642 2318 aeram
673 2286 816 2322 sacculi
845 2287 993 2327 initium
1022 2292 1167 2331 referre
1197 2306 1271 2333 non
1301 2296 1451 2345 dubito,
1487 2310 1563 2338 non
1591 2301 1712 2339 solum
1742 2302 1819 2341 cla-

313 2339 506 2377 rissimum
543 2347 669 2382 exstat
702 2347 858 2393 pietatis
893 2362 985 2399 erga
1021 2353 1133 2392 deum
1169 2363 1453 2398 monumentum
1482 2365 1521 2399 et
1548 2361 1595 2401 de
1623 2363 1815 2412 Apollinis

404 2494 445 2537 16)
472 2494 587 2529 Schol.
615 2497 649 2530 in
676 2498 840 2542 Apollon.
868 2501 982 2538 Rhod.
1009 2506 1035 2550 Ι,
1062 2510 1139 2543 419.
1289 2511 1331 2557 ¹⁷)
1357 2511 1511 2548 Pausan.
1537 2515 1580 2560 V,
1605 2517 1637 2561 7,
1663 2519 1754 2554 2—3
1779 2523 1816 2554 et

311 2549 370 2593 VI,
396 2553 450 2594 22,
475 2554 597 2586 9—10.
770 2558 811 2601 ιΒ)
838 2559 977 2601 Fragm.
1010 2566 1021 2597 l
1051 2565 1146 2608 apud
1172 2567 1398 2604 Athenaeum
1423 2570 1485 2615 IX,
1511 2582 1544 2616 p.
1571 2573 1669 2608 392d
1695 2585 1813 2610 serva-

310 2611 400 2641 tum:
436 2609 472 2642 (3.
500 2608 647 2655 Mulier,
674 2612 778 2655 Frag.
806 2615 896 2650 llisr.
925 2619 1049 2654 Graec.
1077 2622 1109 2666 1,
1136 2634 1168 2667 p.
1187 2626 1263 2659 366.
1428 2627 1471 2672 ¹⁹)
1499 2628 1615 2664 Strab.
1642 2630 1692 2676 X,
1716 2635 1755 2676 5,
1779 2637 1811 2668 5.

309 2664 352 2707 ²0)
379 2665 678 2714 Prellvr-Robcrt,
705 2672 846 2707 arioch.
873 2674 1105 2719 Mythologie.
1132 2680 1158 2725 Ι,
1186 2693 1217 2725 p.
1236 2684 1313 2719 297.
1451 2684 1496 2730 2Ι)
1521 2685 1665 2722 Homer.
1685 2687 1810 2734 Odyss.

311 2720 369 2764 vl,
400 2725 470 2756 162.
608 2727 652 2771 22)
679 2728 805 2773 Hymn.
833 2731 866 2765 in
895 2733 1011 2777 Apoll.
1039 2747 1067 2769 v.
1092 2740 1161 2773 117.
