1957 3293
912 337 1220 377 *210-

321 460 454 509 Syriae
484 464 570 509 (pro
606 472 682 499 uno
725 460 933 509 eodemque
975 460 1110 507 habeo,
1152 465 1195 498 ut
1235 472 1352 509 supra
1391 462 1466 500 iam
1507 461 1683 510 pluribus
1722 461 1814 510 dixi,

320 524 540 572 nullamque
568 535 721 562 causam
751 523 874 570 video,
903 535 971 561 cur
1008 524 1285 571 seiungantur),
1324 522 1451 573 ἱερεὺς
1490 523 1595 561 θεῶν
1631 523 1815 574 Μεγάλων

319 585 540 637 ..Ιιοςκύμων
569 587 667 629 (καὶ)
697 585 990 636 Καβεᾲιωνςω)
1020 587 1136 625 semel
1167 587 1222 624 vel
1253 587 1309 625 bis
1329 587 1451 626 solum
1471 593 1816 627 commemorantur

317 651 497 689 sacerdos
529 651 666 688 Bacchi
697 655 823 698 (quem
853 651 991 688 scimus
1020 654 1151 688 sorte
1179 655 1385 696 creatum),
1415 651 1637 689 sacerdotes
1665 651 1811 689 Aescu-

314 713 418 761 lapii,
448 714 606 751 Anionis
635 714 694 751 vel
714 714 802 750 Anii
832 714 949 760 (regis
969 713 1116 750 insulae
1137 712 1333 758 fabularis,
1363 714 1428 760 qui
1449 714 1619 752 Aeneam
1639 713 1807 752 traditur

314 776 480 823 hospitio
509 777 730 823 recepisse),
761 775 904 812 Romae
934 774 1108 819 deae.¹⁴²)
1164 774 1305 812 Omnes
1334 775 1371 812 hi
1401 779 1440 813 et
1473 777 1589 814 annui
1617 781 1728 814 erant
1756 780 1811 823 et,

314 839 417 887 quod
446 839 597 887 quidem
619 839 808 886 cognitum
839 839 899 884 sit,
929 838 1153 885 plerumque
1174 837 1364 886 suffragiis
1394 838 1524 885 electi3
1552 839 1811 877 sacerdotium

315 902 413 939 idem
444 903 584 940 iterare
619 901 677 939 fas
717 901 835 939 fuisse
864 905 1044 948 apparet,
1087 900 1155 938 sed
1196 912 1270 938 non
1311 902 1474 949 amplius
1515 901 1590 941 duo
1634 902 1810 950 exempla

315 964 426 1002 huius
455 966 510 1002 rei
540 966 577 1002 in
599 968 655 1002 tot
675 965 835 1002 servatis
865 963 1106 1001 sacerdotum
1133 963 1348 1001 nominibus
1368 969 1645 1012 agnoscuntur:
1682 965 1814 1004 Philo-

312 1032 438 1065 crates
470 1027 697 1064 Philocratis
726 1025 750 1063 f.
781 1026 839 1063 bis
876 1025 1027 1063 functus
1065 1029 1123 1063 est
1151 1025 1349 1073 Sarapidis
1383 1026 1679 1074 sacerdotio,¹⁴⁸)
1724 1028 1812 1066 item

314 1089 489 1127 Eubulus
533 1090 716 1127 Demetrii
757 1088 780 1126 f.
824 1089 1149 1126 Marathoniensis
1190 1089 1248 1126 bis
1290 1094 1348 1127 est
1389 1090 1533 1128 electus
1574 1088 1702 1141 ἱερεὺς
1737 1089 1815 1127 τῶν

314 1152 500 1203 Μεγάλων
525 1152 710 1193 (leffium)
755 1153 923 1191 Maxime
951 1154 1086 1190 mirum
1117 1157 1184 1190 est.
1215 1163 1299 1189 cum
1319 1156 1377 1190 tot
1396 1152 1616 1192 sacerdotes
1636 1154 1674 1191 in
1693 1153 1814 1192 titulis

313 1220 534 1262 occurrant,
564 1216 665 1264 quod
695 1216 800 1254 nulla
827 1215 906 1253 sere
935 1216 1075 1253 mentio
1104 1214 1147 1252 fit
1173 1213 1334 1262 ἱερειῶν,
1370 1217 1597 1263 praesertim
1625 1227 1710 1255 cum
1737 1217 1813 1255 iam

310 1360 445 1394 invenit
462 1365 497 1394 et
514 1359 647 1404 publici
673 1358 761 1392 iuris
784 1357 869 1392 fecit
893 1358 929 1391 in
946 1357 1060 1391 altera
1087 1362 1188 1401 parte
1206 1355 1479 1400 dissertationis,
1505 1365 1598 1400 quae
1625 1356 1806 1393 »Fouilles

311 1417 333 1450 a
358 1416 487 1451 Delos«
516 1416 737 1451 inscribitur:
776 1415 868 1449 Bull.
895 1414 926 1448 d.
954 1414 1050 1450 Corr.
1078 1413 1169 1449 Hell.
1189 1413 1256 1457 VI,
1282 1424 1315 1457 p.
1340 1415 1492 1457 470sqq.
1518 1413 1671 1458 passim3
1701 1425 1813 1459 quan-

312 1485 418 1518 quam
444 1474 615 1508 nonuulla
640 1483 760 1508 eorum
786 1473 929 1507 nomina
962 1478 1067 1506 antea
1091 1471 1163 1505 iam
1188 1471 1437 1506 innotuerunt:
1467 1469 1580 1516 Ἀθήν.
1605 1471 1667 1516 IV,
1693 1483 1727 1518 p.
1744 1475 1812 1509 459

309 1538 345 1566 et
370 1534 560 1566 461—463.
610 1530 833 1573 Atargatidis
866 1536 985 1564 autem
1017 1529 1221 1564 sacerdotes
1254 1528 1323 1563 nisi
1354 1527 1391 1562 in
1422 1528 1538 1563 titulis
1570 1539 1592 1564 a
1615 1529 1810 1565 Hauvettio

311 1589 416 1624 editis
442 1598 617 1632 nusquam
645 1594 834 1622 occurrunt.
858 1587 955 1623 ‹ibid.
976 1598 1007 1631 p.
1027 1589 1232 1627 495—500).
1375 1587 1436 1628 ¹⁴¹)
1461 1585 1671 1622 Cabirorum
1693 1597 1810 1622 sacer·

309 1646 411 1680 dotes
438 1645 507 1680 duo
540 1646 610 1679 iam
637 1645 819 1679 Boeckhio
851 1650 952 1679 erant
978 1645 1067 1679 noti:
1106 1645 1142 1679 C.
1159 1644 1184 1678 Ι.
1201 1644 1241 1678 G.
1260 1646 1350 1679 2270
1375 1649 1410 1678 et
1434 1646 1540 1688 2296;
1573 1649 1646 1680 tres
1678 1643 1768 1680 alios
1793 1655 1811 1680 e

310 1703 423 1737 titulis
457 1714 571 1747 nuper
596 1703 749 1747 repertis
784 1702 931 1746 protulit
957 1701 1117 1737 Reinach
1151 1702 1186 1735 in
1219 1700 1469 1736 dissertatione
1500 1700 1694 1746 nL’lnopus
1719 1707 1755 1736 et
1779 1702 1812 1737 le

306 1761 509 1796 sanctuaire
537 1760 599 1795 des
627 1760 793 1794 Cabiresa
823 1759 932 1802 (Bull.
953 1759 1030 1804 VII,
1056 1771 1089 1803 p.
1108 1763 1291 1802 329sqq.):
1319 1757 1381 1793 cfr.
1408 1769 1441 1802 p.
1459 1760 1525 1794 337
1551 1763 1587 1793 et
1610 1761 1812 1804 339—3403

305 1824 341 1852 et
364 1824 553 1863 praeterea
578 1816 824 1852 dedicationes
852 1817 988 1861 publici
1021 1817 1109 1851 iuris
1136 1816 1222 1851 fecit
1254 1815 1469 1860 sacerdotis,
1503 1820 1543 1851 ut
1574 1817 1651 1862 ipse
1686 1827 1724 1852 se
1750 1827 1811 1852 no·

306 1877 433 1920 minat,
469 1873 658 1920 Ιιάβείρων
685 1875 741 1908 καὶ
769 1873 997 1912 Ποσειδῶνος
1024 1875 1145 1909 Αἰσίου
1172 1875 1227 1907 διὰ
1262 1874 1343 1916 βίου
1369 1872 1592 1909 Helianactis
1619 1874 1804 1920 Asclepio-

305 1934 383 1969 dori
410 1933 454 1977 f.,
482 1944 585 1977 quem
612 1932 705 1967 idem
731 1932 784 1966 vir
809 1932 1037 1967 doctissimus
1063 1931 1265 1966 certissima
1289 1930 1427 1965 ratione
1453 1930 1709 1967 demonstravit
1732 1941 1810 1967 esse

305 1992 371 2026 hoc
390 2002 535 2026 munere
554 1991 714 2025 functum
729 1989 862 2024 ultimis
881 1989 1014 2024 saeculi
1033 1988 1180 2024 secundi
1199 1998 1230 2023 a.
1244 1988 1325 2023 Chr.
1341 1999 1373 2022 n.
1389 1986 1571 2023 decenniis
1584 1991 1666 2032 (120
1678 1990 1810 2031 -100):

305 2048 367 2084 cfr.
396 2048 479 2083 ibid.
507 2059 539 2092 p.
557 2050 625 2082 348
636 2058 731 2091 sqq.,
758 2047 817 2081 ubi
844 2046 972 2090 omnia,
999 2057 1090 2090 quae
1116 2046 1170 2081 vel
1196 2046 1239 2081 de
1266 2044 1382 2080 officio
1409 2045 1486 2090 ipso
1512 2045 1567 2081 vel
1592 2045 1635 2081 de
1658 2045 1811 2081 homini-

306 2107 372 2141 bus
399 2107 434 2140 in
461 2105 575 2140 titulis
601 2105 657 2139 his
683 2105 805 2139 decem
832 2105 1101 2139 occurrentibus
1127 2104 1197 2139 dici
1224 2108 1400 2148 poterant,
1426 2103 1497 2138 iam
1521 2102 1622 2138 dixit.

404 2163 463 2205 ¹⁴2)
489 2163 624 2197 Bacchi
652 2169 685 2197 et
713 2162 920 2206 Aesculapii
949 2161 1115 2197 sacerdos
1148 2162 1183 2196 in
1211 2161 1334 2196 eodem
1359 2160 1463 2195 titulo
1489 2165 1810 2195 commemorantur

302 2220 393 2262 (C.I.
412 2220 452 2254 G.
471 2223 593 2263 2270),
622 2220 681 2254 ubi
708 2226 858 2263 utroque
886 2230 1047 2263 munere,
1076 2219 1182 2253 variis
1210 2218 1374 2253 videlicet
1399 2217 1521 2262 annis,
1553 2216 1697 2253 functus
1723 2227 1806 2252 esse

305 2277 436 2311 dicitur
470 2277 631 2311 Eubulus
660 2276 830 2311 Demetrii
858 2276 879 2310 f.
907 2275 1219 2310 Marathoniensis.
1254 2296 1298 2301 —
1332 2274 1416 2310 Anii
1449 2273 1644 2310 sacerdotis
1677 2273 1809 2309 mentio

305 2334 346 2368 fit
373 2334 406 2368 in
433 2333 536 2368 titulo
563 2344 583 2367 a
610 2333 764 2375 Fugerit)
792 2333 926 2377 publici
952 2333 1040 2367 iuris
1066 2332 1159 2367 facto
1184 2332 1291 2373 (Bull.
1316 2331 1349 2367 d.
1367 2332 1463 2367 Corr.
1483 2331 1576 2367 Hell.
1593 2331 1655 2376 XI,
1673 2342 1705 2376 p.
1723 2333 1805 2373 273)

306 2397 342 2426 et
368 2392 402 2426 in
423 2392 596 2438 ἀπαρχῶν
616 2392 738 2426 tabula
755 2392 806 2430 (C.
825 2392 849 2425 1.
866 2393 906 2425 A.
925 2391 970 2435 Il,
989 2395 1067 2434 9235,
1092 2390 1216 2434 fragm.
1236 2390 1277 2425 D.
1303 2390 1368 2425 col.
1387 2390 1414 2435 1,
1441 2389 1500 2424 lin.
1524 2391 1564 2425 10
1581 2393 1617 2433 et
1635 2387 1675 2423 Ε.
1693 2387 1759 2423 col.
1778 2387 1806 2433 1,

302 2449 361 2484 lin.
381 2454 400 2484 4
420 2455 455 2483 et
479 2451 637 2493 53—54).
668 2470 709 2475 —
735 2449 868 2483 Romae
889 2449 1055 2484 sacerdos
1082 2449 1189 2483 semel
1216 2448 1372 2483 occurrit
1397 2454 1433 2483 et
1453 2445 1732 2493 χειροτονηθεὶς
1754 2443 1807 2479 di-

301 2507 404 2548 citur,
431 2506 459 2540 si
489 2512 585 2540 recte
613 2506 754 2540 titulum
782 2507 943 2541 mutilum
971 2506 1129 2541 restituit
1154 2505 1371 2541 Homollius:
1410 2504 1503 2540 Bull.
1528 2503 1561 2538 d.
1587 2502 1685 2538 Corr.
1710 2501 1804 2538 Hell.

301 2564 344 2607 X,
371 2575 403 2607 p.
424 2567 477 2597 34.
504 2584 547 2588 —
574 2563 624 2597 De
652 2563 810 2597 Hecatae
838 2563 1022 2599 sacerdote
1048 2564 1110 2598 cfr.
1137 2563 1239 2598 infra.
1338 2563 1398 2608 ¹⁴³)
1423 2561 1506 2597 Bull
1543 2560 1575 2596 d.
1594 2560 1692 2596 Corr.
1710 2558 1803 2594 Hell.

302 2621 360 2664 Vl,
389 2632 422 2665 p.
443 2624 640 2658 333—:3342
671 2631 795 2655 nomon
823 2621 1018 2655 sacerdotis
1044 2621 1078 2655 in
1105 2620 1172 2656 hoc
1198 2620 1302 2655 titulo
1327 2631 1371 2655 ex
1397 2617 1641 2662 antecedente,
1665 2615 1728 2652 ubi
1751 2625 1807 2651 sa-

300 2678 426 2713 cerdos
452 2678 675 2713 Philocrates
701 2684 867 2723 (paterno
893 2679 1033 2713 nomine
1060 2678 1204 2721 omisso)
1229 2681 1542 2719 commemoratur,
1573 2685 1595 2710 a
1619 2684 1674 2710 me
1700 2672 1803 2709 resti-

300 2742 414 2771 tutum
435 2741 489 2771 est
507 2736 567 2779 ita,
594 2741 633 2770 ut
650 2735 798 2770 lacunas
816 2736 877 2770 tali
898 2737 1034 2771 ratione
1053 2736 1250 2780 explerem:
1278 2733 1516 2779 Φιλ[οκρα’της
1533 2730 1805 2779 Φ]ιλ[οκράτΙου

295 2792 474 2840 ’Λθηναῖος
500 2794 622 2836 ἱερεὺς
645 2793 842 2836 γενόμενος
869 2791 1074 2838 Σαράπιδος
1099 2793 1159 2832 δίς.
1302 2792 1360 2837 ¹⁴⁴)
1386 2790 1465 2827 C.1.
1482 2789 1523 2826 G.
1542 2791 1643 2827 2270.
