1957 3293
873 293 925 298 —
987 270 1068 310 216
1129 293 1182 298 -

278 394 432 438 mansit,
460 404 582 441 neque
611 393 756 439 dubito,
787 395 877 441 quin
907 404 1065 441 magnus
1094 393 1277 432 Italorum
1320 393 1481 432 insulam
1525 393 1773 433 incolentium

282 468 462 494 numerus
498 467 613 494 causa
650 455 781 501 fuerit,
824 468 892 494 cur
927 457 1119 495 cleruchia
1153 456 1303 495 deliaca
1335 456 1442 495 urbis
1481 458 1653 506 parentis
1683 469 1773 497 con-

284 520 408 556 silium
432 531 505 556 non
527 524 763 567 sequeretur.
795 519 999 557 Posidonio
1020 524 1145 558 autem
1167 525 1324 558 auctore
1345 519 1526 566 scimus³)
1540 520 1775 560 Aristionem

282 581 518 619 Athenarum
548 581 804 620 dominatione
839 583 1000 630 potitum
1037 583 1184 620 misisse
1213 583 1492 631 Apellicontem
1521 583 1656 622 Teium
1683 584 1774 622 item

279 645 547 693 philosophum
570 645 696 683 indole
717 647 774 683 sui
805 647 1035 685 simillimum
1064 659 1148 685 cum
1169 648 1339 685 exercitu
1360 646 1410 685 ad
1430 647 1593 685 insulam
1620 646 1777 685 doman-

280 707 365 745 dam
410 712 524 756 atque
568 708 667 746 hunc
709 709 756 746 ab
800 709 943 748 Orobio
985 710 1081 748 duce
1124 710 1285 758 quodam
1327 710 1500 748 Romano
1542 712 1775 758 (praetorem

277 772 473 820 appellare
510 783 585 808 non
614 771 753 817 audeo)
795 784 915 820 parva
954 773 1114 810 militum
1143 785 1255 811 manu
1291 773 1512 820 turpissime
1540 773 1710 821 fugatum
1739 776 1777 810 et

277 834 462 871 machinis
499 833 858 882 impedimentisque
901 835 1074 873 omnibus
1116 836 1305 883 privatum
1351 846 1446 873 esse.
1516 835 1627 882 Quod
1651 835 1775 874 titulis

277 896 427 934 duobus
475 896 523 934 ad
560 896 631 934 hoc
667 897 789 944 ipsum
832 902 982 944 tempus
1024 896 1304 944 pertinentibus
1349 895 1567 935 confirmari
1603 897 1773 936 videtur:

277 971 374 997 unus
405 964 462 997 est
490 959 536 997 de
566 959 648 997 basi
678 964 827 997 statuae
856 960 895 996 in
931 960 1110 997 honorem
1145 960 1210 1006 »Q.
1240 959 1401 1008 Pompei
1431 959 1474 1006 Q.
1503 957 1528 996 f.
1556 958 1645 998 Rufi
1671 970 1773 998 cosa

278 1023 414 1066 (latina
444 1023 573 1071 lingua
601 1026 659 1061 est
687 1023 870 1070 scriptus)
899 1021 1102 1070 positae,⁴›
1139 1024 1206 1071 qui
1233 1023 1381 1070 collega
1408 1021 1480 1060 fuit
1507 1023 1547 1060 in
1574 1022 1776 1061 consulatu

278 1085 321 1123 L.
353 1086 480 1124 Sullae
524 1089 573 1131 (a.
598 1098 630 1122 u.
652 1097 683 1123 e.
706 1090 778 1124 666
801 1100 841 1114 =
862 1090 909 1124 88
938 1097 971 1123 a.
993 1085 1081 1123 Chr.
1110 1089 1162 1132 n.)
1199 1090 1254 1133 et,
1296 1090 1502 1134 antequam
1549 1086 1778 1134 magistratu

278 1148 414 1194 abiret,
444 1160 465 1186 a
485 1149 669 1186 militibus
699 1153 754 1186 est
785 1151 944 1196 occisus,
975 1153 1015 1186 ut
1035 1150 1169 1188 titulus
1190 1153 1297 1188 certa
1323 1150 1474 1188 ratione
1503 1150 1554 1188 sit
1581 1149 1630 1188 ad
1649 1149 1775 1198 ipsum

280 1212 502 1250 consulatus
538 1223 676 1250 annum
721 1211 957 1259 referendus,
1001 1213 1023 1250 i.
1046 1225 1077 1251 e.
1119 1212 1168 1251 ad
1209 1213 1328 1260 illum,
1370 1224 1444 1260 quo
1487 1212 1778 1251 Atheniensium

280 1275 416 1311 civitas
446 1285 468 1311 a
496 1275 638 1323 populo
668 1276 840 1314 Romano
869 1274 1027 1322 defecit,
1063 1276 1161 1314 alter
1188 1277 1278 1314 item
1307 1276 1353 1314 de
1388 1276 1472 1315 basi
1505 1279 1674 1323 statuae,
1702 1285 1780 1324 qua

279 1338 489 1376 honoratus
533 1343 592 1376 est
636 1339 710 1376 »M.
753 1340 942 1378 Antonius
983 1340 1036 1377 Μ.
1072 1339 1096 1377 f.
1134 1340 1262 1378 Praet.
1299 1339 1382 1379 Cos.
1421 1339 1554 1378 Ceus«
1568 1338 1600 1385 ⁵)
1643 1343 1777 1377 orator

279 1401 459 1439 videlicet
488 1402 551 1439 ille
580 1402 851 1449 nobilissimus,
887 1415 1010 1451 neque
1039 1407 1128 1442 ante
1157 1415 1297 1442 annum
1326 1415 1358 1442 a.
1381 1415 1416 1441 u.
1438 1413 1470 1440 c.
1491 1405 1563 1441 657
1597 1416 1639 1432 =
1668 1403 1714 1440 9⁷
1744 1412 1777 1440 a.

279 1463 367 1501 Chr.
390 1476 424 1502 n.
455 1486 502 1491 —
531 1465 602 1502 hoc
631 1466 730 1503 enim
758 1476 857 1504 anno
877 1464 1029 1504 functus
1050 1467 1114 1505 ille
1136 1470 1195 1504 est
1222 1477 1385 1505 censura
1412 1488 1462 1493 —
1490 1466 1656 1514 scriptus
1695 1475 1779 1502 esse

280 1531 408 1574 potest
438 1539 561 1576 neque
591 1532 678 1576 post
707 1532 779 1567 667
809 1540 842 1566 a.
863 1541 898 1566 u.
921 1540 950 1566 c.
974 1543 1014 1558 =
1036 1532 1081 1568 87
1104 1541 1136 1567 a.
1160 1529 1247 1567 Chr.
1279 1541 1328 1575 n..
1358 1540 1432 1578 quo
1460 1529 1567 1566 iussu
1594 1526 1635 1566 C.
1663 1526 1779 1566 Marii

282 1595 340 1628 est
369 1590 605 1635 interfectus,
637 1591 1027 1640 verisimillimumque
1048 1591 1198 1630 videtur
1218 1592 1316 1631 hanc
1336 1603 1488 1640 quoque
1508 1594 1675 1629 statuam
1695 1601 1779 1628 esse

281 1652 413 1691 eodem
443 1665 518 1701 quo
541 1653 583 1700 Q.
605 1653 764 1701 Pompei
784 1655 946 1701 positam
977 1659 1162 1702 tempore,
1191 1656 1215 1692 i.
1237 1667 1268 1693 e.
1298 1659 1387 1703 post
1405 1654 1568 1692 insulam
1597 1654 1658 1692 sui
1684 1653 1779 1691 iuris

278 1716 432 1762 factam,
461 1727 546 1754 cum
575 1716 753 1754 dedicata
783 1718 832 1754 sit
859 1729 882 1755 a
905 1716 1087 1764 »Deliis«,
1116 1729 1191 1765 quo
1220 1719 1370 1756 nomine
1399 1717 1503 1756 nullo
1531 1715 1643 1755 modo
1670 1719 1779 1764 pote-

280 1783 368 1817 rant
396 1779 584 1826 appellari
614 1780 781 1817 cleruchi
801 1780 1056 1826 athenienses,
1088 1782 1160 1818 nisi
1188 1785 1393 1829 postquam
1412 1780 1461 1819 ab
1489 1779 1584 1818 urbe
1612 1782 1780 1828 parente

281 1841 514 1880 defecerunt.
570 1842 696 1890 Magis
741 1843 859 1880 dubia
886 1855 947 1881 res
976 1848 1035 1881 est
1063 1843 1109 1881 de
1150 1844 1272 1881 titulis
1300 1843 1450 1882 duobus
1490 1843 1612 1882 latina
1651 1842 1782 1891 lingua

281 1906 448 1954 scriptis,
479 1916 637 1953 quorum
668 1905 765 1943 alter
794 1905 959 1944 nondum
989 1905 1115 1944 editus
1151 1910 1219 1953 est,
1231 1905 1262 1952 ⁶)
1305 1907 1344 1944 in
1384 1905 1523 1955 quibus
1563 1904 1782 1954 appellatur

282 1969 324 2006 L.
358 1968 557 2007 Cornelius
586 1968 628 2005 L.
650 1967 673 2005 f.
730 1968 836 2007 Sulla
864 1980 1027 2016 procos„
1071 1981 1154 2007 cum
1190 1970 1251 2007 vix
1280 1970 1330 2008 sit
1370 1969 1571 2018 probabile
1605 1978 1781 2017 perman·

281 2032 376 2069 sisse
416 2044 480 2069 eos
522 2036 610 2080 post
656 2032 818 2070 insulam
861 2044 883 2070 a
911 2033 1148 2085 Mithridatis
1190 2033 1351 2071 ducibus
1390 2036 1541 2081 captam
1575 2036 1690 2081 atque
1717 2031 1780 2069 vix

280 2096 430 2143 possint
458 2096 605 2143 seiungi
634 2106 657 2133 a
684 2096 794 2133 titulo
823 2097 911 2133 item
941 2096 1058 2134 latine
1095 2098 1238 2144 scripto
1266 2096 1313 2134 de
1350 2096 1434 2135 basi
1468 2098 1630 2141 statuae,
1667 2105 1780 2143 quam

281 2158 319 2195 in
351 2158 532 2195 honorem
561 2159 850 2205 proquaestoris
880 2159 961 2196 eius
989 2158 1031 2195 L.
1059 2158 1195 2196 Licinii
1223 2158 1374 2197 Luculli
1401 2158 1575 2206 posuisse
1602 2156 1781 2196 dicuutur

285 2220 472 2268 »populus
502 2220 746 2258 Atheniensis
776 2225 813 2258 ct
844 2221 987 2259 Italicei
1027 2225 1064 2259 et
1092 2222 1267 2268 Graecei,
1313 2221 1402 2269 quei
1438 2222 1477 2258 in
1511 2220 1638 2259 insula
1665 2230 1779 2268 nego-

281 2282 506 2328 uantur-,NJ
544 2283 721 2320 videlicet
754 2284 827 2321 iam
864 2288 952 2331 post
987 2284 1157 2322 Athenas
1185 2295 1209 2322 a
1237 2284 1342 2322 Sulla
1377 2286 1615 2332 expugnatas
1651 2287 1716 2328 (86
1744 2293 1778 2321 a.

283 2346 372 2383 Chr.
395 2349 466 2392 n.):
497 2346 662 2384 adventu
693 2348 791 2384 enim
821 2348 949 2385 Sullae
979 2347 1209 2396 Lucullique
1237 2349 1275 2385 in
1301 2348 1503 2386 Graeciam
1530 2347 1605 2386 iam
1633 2345 1781 2386 defece-

282 2413 369 2448 rant
389 2409 656 2455 Athenienses,
678 2422 801 2457 neque
828 2414 974 2449 statuas
996 2411 1216 2458 posuissent
1238 2410 1380 2449 homini
1400 2410 1578 2458 cuiquam
1593 2409 1778 2449 Romano.

371 2558 402 2598 ³)
427 2556 602 2591 Athenae.
621 2556 662 2598 V,
688 2567 719 2600 p.
739 2556 989 2592 2l4d-2l5b.
1085 2559 1115 2600 ⁴)
1141 2557 1231 2592 Bull.
1251 2557 1282 2592 d.
1302 2557 1399 2592 Corr.
1417 2556 1510 2592 Hell.
1525 2556 1623 2602 VIII,
1649 2568 1682 2602 p.
1706 2559 1778 2593 181.

374 2616 403 2657 ⁵)
429 2613 516 2648 lbid.
535 2613 630 2656 vul,
657 2624 688 2657 p.
714 2617 774 2648 133
799 2614 946 2652 (additis
975 2615 1109 2650 Theod.
1137 2615 1362 2651 Mommsenii
1386 2615 1540 2659 litteris).

374 2672 404 2714 ὃ)
429 2670 520 2705 Βιι11,
539 2670 570 2704 d.
589 2671 685 2705 Corr.
703 2670 793 2705 Hell.
806 2671 900 2715 VIII,
920 2683 951 2715 p.
970 2675 1049 2716 172;
1075 2672 1237 2708 Ilomolle
1256 2672 1457 2718 »Rapport«
1473 2677 1539 2709 etc.
1557 2683 1591 2718 p.
1605 2674 1660 2718 22,
1677 2683 1710 2708 u.
1724 2674 1779 2708 26.

375 2730 401 2773 ⁷)
429 2728 520 2763 Bull.
547 2727 578 2762 d.
607 2729 702 2763 Corr.
730 2728 822 2763 Hell.
850 2729 911 2773 111,
938 2740 970 2773 p.
995 2732 1065 2765 146.
