1957 3293
864 277 1172 318 -100-

273 415 365 452 pore
388 414 535 441 sacram
557 403 719 440 insulam
744 403 890 449 visisse,
912 402 1064 439 minime
1092 400 1292 449 probabile
1313 405 1373 439 est
1391 401 1556 449 Aegypti
1574 399 1767 439 dominum

275 466 380 504 brevi
408 471 497 514 post
524 466 684 504 classem
715 477 821 503 suam
851 465 900 503 ad
922 465 1151 503 Salaminem
1171 463 1350 512 Cypriam
1378 475 1402 502 a
1420 463 1617 502 Demetrio
1645 473 1768 511 paene

274 529 437 567 deletam
473 529 610 566 Delum
649 530 797 567 venisse
833 540 917 566 cum
952 529 1116 566 maximo
1151 538 1220 565 suo
1255 527 1438 574 periculo.
1494 525 1641 573 Quodsi
1667 535 1768 564 anno

274 598 346 629 300
375 591 494 629 Delus
515 593 554 629 in
576 592 760 629 Demetrii
790 594 979 638 potestate
1009 589 1091 635 fuit,
1121 600 1195 627 non
1225 595 1294 634 est,
1323 599 1391 626 cur
1419 587 1650 634 dubitemus,
1677 587 1769 635 quin

274 657 530 703 permanserit
559 656 596 692 in
627 656 709 692 eius
730 654 892 699 dicione,
922 652 1010 690 dum
1039 664 1062 690 a
1081 651 1230 700 Pyrrho
1260 651 1366 688 fusus
1391 649 1620 699 fugatusque
1647 653 1769 688 totum

275 729 382 755 suum
414 719 542 755 amisit
569 718 781 765 imperium,
814 717 851 754 id
880 716 983 764 quod
1011 715 1152 753 factum
1183 719 1241 752 est
1269 725 1368 752 anno
1398 716 1485 752 287.
1536 713 1642 751 Inter
1669 711 1770 750 hunc

274 781 391 828 igitur
423 792 561 818 annum
600 785 637 818 et
665 780 896 828 Hypsoclem
926 779 1012 816 Deli
1047 779 1269 816 archontem
1302 780 1408 822 (279)
1437 786 1594 814 necesse
1622 779 1682 814 est
1714 775 1770 813 in-

276 845 396 882 sulam
426 844 474 882 ad
502 844 637 882 foedus
667 844 889 889 accessisse,
920 843 1010 890 quia
1037 847 1116 879 tum
1140 842 1213 878 iam
1234 840 1330 877 duos
1358 838 1519 877 vidimus
1548 837 1771 876 nesiarchos

275 906 360 943 Deli
392 912 563 945 versatos
593 919 695 953 esse,
735 918 896 954 quorum
926 906 1036 943 alteri
1065 908 1193 942 statua
1220 903 1273 940 ibi
1302 906 1386 940 erat
1413 901 1462 940 ab
1490 901 1676 940 insulanis
1705 911 1771 949 po-

276 971 361 1016 sita,
390 970 488 1007 alter
515 971 669 1008 civitate
699 971 815 1007 etiam
838 981 861 1006 a
881 969 1002 1006 Deliis
1031 967 1211 1005 donatus:
1242 972 1280 1003 et
1306 967 1381 1004 iam
1409 969 1499 1003 ante
1527 975 1669 1002 aunum
1697 967 1769 1001 285

277 1033 346 1070 hoc
374 1032 513 1070 factum
543 1033 677 1079 credo,
713 1034 802 1081 quia
831 1033 869 1069 in
906 1032 1132 1069 donatorum
1162 1041 1319 1067 numero
1347 1029 1591 1067 Ptolemaeus
1618 1027 1714 1075 Lagi
1743 1025 1768 1064 f.

277 1107 449 1143 uxorque
472 1097 552 1133 eius
574 1096 771 1141 Berenice,
801 1095 965 1142 Aegypti
985 1105 1107 1141 reges,
1136 1090 1453 1138 nominantur,²⁸)
1482 1102 1578 1140 quos
1607 1094 1650 1128 ut
1676 1090 1773 1128 veri·

281 1159 402 1196 simile
422 1170 496 1196 non
519 1164 575 1196 est
595 1159 776 1206 templum
797 1158 906 1196 donis
928 1169 1098 1203 ornasse,
1127 1156 1215 1193 dum
1236 1156 1362 1194 insula
1382 1155 1578 1194 Demetrio
1597 1153 1771 1203 parebat,

275 1222 341 1267 ita,
376 1233 459 1258 cum
488 1221 536 1258 ab
567 1233 611 1258 eo
645 1220 860 1266 defecisset,
890 1221 1004 1258 solita
1039 1219 1270 1257 liberalitate
1299 1218 1338 1256 id
1371 1218 1581 1256 honorasse
1610 1218 1772 1257 maxime

277 1289 334 1321 est
376 1283 589 1331 probabile.
648 1284 731 1321 Nisi
774 1285 892 1322 mavis
934 1283 1091 1321 credere
1133 1283 1193 1320 vel
1237 1282 1343 1320 brevi
1386 1286 1475 1330 post
1515 1293 1656 1320 annum
1697 1286 1772 1320 306

278 1346 379 1384 dona
406 1347 500 1384 haec
536 1348 607 1385 deo
637 1347 767 1385 oblata
796 1358 898 1392 esse,
931 1358 1016 1383 cum
1050 1346 1176 1384 insula
1211 1346 1377 1383 nondum
1413 1345 1451 1382 in
1487 1344 1673 1383 Demetrii
1707 1355 1773 1392 po-

280 1414 419 1448 testate
449 1414 568 1456 esset,
604 1411 662 1448 vel
697 1411 770 1448 iam
799 1414 930 1456 antea,
967 1414 1009 1447 ut
1036 1408 1282 1446 statuendum
1311 1409 1362 1446 sit
1389 1409 1535 1456 regium
1570 1418 1708 1446 nomen
1735 1407 1774 1444 in

278 1471 420 1509 tabulis
455 1472 747 1520 hieropoeorum
784 1473 893 1520 quasi
929 1472 1180 1519 anticipatum
1209 1482 1316 1517 esse,
1351 1481 1435 1508 cum
1470 1468 1636 1508 formula
1668 1468 1774 1506 dedi-

277 1536 438 1573 cationis
474 1536 578 1574 nulla
613 1537 649 1573 in
680 1536 788 1574 donis
818 1539 988 1573 exstaret
1017 1534 1221 1580 eiusmodi,
1257 1533 1381 1582 qualis
1418 1533 1457 1570 in
1491 1532 1624 1581 phiala
1655 1541 1775 1570 aurea

276 1599 429 1635 maximi
464 1599 578 1646 pretii
609 1599 747 1636 Veneri
777 1598 917 1641 dicata,
954 1598 992 1634 in
1021 1608 1097 1645 qua
1131 1597 1374 1635 Ptolemaeus
1409 1596 1492 1644 ipse
1527 1607 1568 1633 se
1603 1594 1775 1643 appella-

280 1667 404 1698 verat:
444 1659 684 1710 Πτολεμαῖος
714 1658 846 1711 ,Ιάγου
876 1659 1139 1704 ,11ακεόών.29)
1176 1661 1255 1698 -ΕΧ
1290 1660 1349 1698 his
1383 1661 1457 1698 iam
1492 1663 1658 1708 apparet
1685 1658 1775 1696 Pto-

278 1724 461 1761 lemaeum
493 1723 631 1762 Sotera
658 1736 728 1771 per
757 1725 958 1761 maximam
987 1723 1093 1771 regni
1123 1723 1180 1760 sui
1210 1728 1358 1770 partem
1387 1722 1656 1760 auctoritatem
1685 1720 1773 1759 Deli

276 1786 456 1824 habuisse
487 1787 649 1824 nullam:
687 1799 800 1835 quam
837 1798 926 1824 rara
963 1792 1052 1824 sunt
1080 1787 1162 1823 eius
1191 1785 1291 1823 dona
1318 1796 1411 1834 prae
1441 1795 1571 1823 eorum
1599 1795 1771 1830 numero,

279 1861 377 1897 quae
409 1849 540 1886 eodem
569 1855 739 1898 tempore
771 1848 1044 1895 Demetriusffl)
1083 1853 1120 1886 et
1147 1849 1375 1896 praesertim
1409 1846 1487 1885 filia
1515 1848 1596 1886 eius
1627 1846 1774 1886 Strato-

278 1914 375 1959 nice,
406 1925 503 1961 quae
525 1913 684 1951 Seleuco
705 1914 785 1961 regi
813 1917 1008 1961 nupserat,
1029 1913 1100 1950 deo
1122 1910 1467 1958 consecraruntffl)
1509 1909 1641 1958 Longe
1661 1909 1775 1948 aliter

278 1987 339 2013 res
369 1988 409 2013 se
439 1976 573 2013 habuit
592 1981 776 2024 regnante
798 1977 942 2014 Soteris
972 1975 1049 2013 filio
1069 1974 1336 2022 Philadelpho,
1365 1975 1432 2022 qui
1460 1984 1535 2012 non
1555 1973 1677 2011 solum
1705 1983 1777 2020 per

277 2044 396 2076 totum
437 2040 542 2086 regni
580 2040 637 2076 sui
673 2044 823 2087 tempus
861 2039 1023 2076 insulam
1059 2049 1207 2076 sacram
1243 2036 1629 2085 magnificentissimis
1663 2034 1774 2074 donis

279 2114 347 2139 suo
377 2106 414 2139 et
442 2103 607 2140 civitatis
628 2103 913 2141 Alexandrinae
934 2103 1085 2140 nornine
1114 2101 1276 2147 ornavit,
1305 2100 1373 2138 sed
1402 2100 1517 2138 etiam
1545 2099 1704 2146 curavit,
1733 2101 1776 2135 ut

277 2170 366 2213 post
392 2169 553 2203 mortem
582 2178 688 2204 suam
719 2166 831 2205 binae
860 2166 1014 2214 phialae
1049 2165 1198 2203 nomine
1233 2175 1302 2202 suo
1330 2163 1539 2212 inscriptae
1568 2161 1775 2211 quotannis

368 2343 414 2387 ²⁸)
441 2343 608 2387 Ilypsocl.
627 2343 723 2377 arch.
742 2348 806 2377 rat.
826 2342 917 2377 ined.
942 2342 1002 2376 lin.
1020 2345 1080 2376 52:
1108 2341 1200 2376 Bull.
1218 2341 1250 2375 d.
1269 2341 1366 2376 Corr.
1384 2340 1477 2376 Heu.
1494 2339 1556 2384 VI,
1580 2350 1615 2384 p.
1636 2340 1699 2374 158
1715 2339 1777 2382 (4).

274 2401 320 2445 ²⁹)
347 2400 488 2434 Demar.
516 2401 611 2435 arch.
639 2401 706 2434 inv.
725 2400 784 2434 lin.
809 2403 885 2434 181:
914 2399 1004 2434 Bull.
1031 2399 1064 2433 «l.
1091 2399 1187 2433 Corr.
1213 2398 1306 2433 Hell.
1331 2397 1390 2442 VI,
1416 2409 1448 2442 p.
1467 2399 1521 2431 48.
1612 2395 1658 2438 ³⁰)
1684 2394 1774 2431 Ibid.

275 2458 335 2492 lin.
353 2461 374 2493 8
401 2464 435 2492 et
461 2461 537 2492 200.
631 2459 676 2497 31)
703 2457 790 2491 Ibid.
817 2457 876 2491 lin.
903 2461 1002 2500 3-4,
1027 2459 1128 2501 4-6,
1154 2458 1300 2500 29-30,
1325 2458 1380 2500 32,
1404 2457 1460 2499 33,
1490 2455 1563 2499 161,
1592 2455 1666 2498 185,
1694 2455 1776 2489 198:

275 2516 423 2559 triginta
448 2521 483 2549 et
508 2520 676 2559 quattuor
701 2514 900 2558 computavi
928 2525 985 2548 ros
1003 2514 1121 2548 varias
1138 2513 1256 2557 magni
1275 2512 1464 2557 plerasque
1489 2510 1596 2556 pretii
1614 2519 1636 2544 a
1652 2509 1779 2555 regina

275 2574 422 2609 dicatas.
473 2574 542 2608 Cfr.
569 2573 675 2608 etiam
702 2584 793 2616 quae
819 2572 862 2607 dc
896 2572 1019 2607 eadem
1045 2571 1211 2616 exposuit
1236 2569 1436 2605 Ilomollius
1460 2568 1497 2604 in
1521 2567 1777 2604 commentario

276 2632 321 2666 ad
347 2632 488 2666 titulum
514 2642 628 2675 nuper
660 2630 793 2674 publici
819 2629 907 2664 iuris
939 2629 1072 2665 factum
1098 2627 1236 2663 addito:
1276 2626 1368 2663 Bull.
1393 2626 1427 2662 d.
1453 2626 1551 2662 Corr.
1577 2624 1669 2661 Heu.
1696 2623 1778 2669 XII,

279 2689 358 2723 livr.
385 2693 415 2723 5.
