1979 3326
779 288 1088 329 -103-

181 415 306 454 sulam
325 414 466 453 Delum
494 413 681 453 defecisse
711 413 759 453 ab
786 413 1051 452 insulanorum
1079 413 1264 451 societate
1294 416 1411 461 atque
1433 411 1688 451 Macedoniae

184 490 315 526 regum
351 482 483 527 partes
512 482 682 516 secutam
718 490 813 516 esse.
868 477 996 525 Atque
1033 476 1259 514 documento
1293 476 1385 513 mihi
1413 479 1501 513 sunt
1529 481 1689 524 praeter

183 541 280 580 haec
306 542 474 580 Dosonis
503 541 615 588 dona,
645 553 743 590 quae
770 542 802 579 si
831 542 914 579 sola
933 546 1074 587 essent,
1104 552 1179 578 non
1199 539 1321 587 pluris
1341 538 1550 586 penderem
1572 551 1686 588 quam

184 604 359 644 Gonatae
388 605 473 652 illa,
509 605 556 643 de
592 605 731 653 quibus
761 616 878 652 supra
907 604 1089 650 diximus,
1124 604 1297 651 porticus
1326 614 1462 650 magno
1493 606 1686 650 apparatu

185 679 209 706 a
236 668 418 716 Philippo
446 679 538 716 rege
567 671 781 715 exstructa,
812 669 917 716 quali
945 680 992 706 ne
1021 680 1044 706 a
1072 668 1305 706 Ptolemaeis
1335 666 1488 715 quidem
1519 670 1603 705 erat
1630 668 1688 705 in-

185 731 269 769 sula
297 734 444 778 ornata,
473 731 608 769 titulus
636 732 675 769 in
703 731 786 769 basi
806 732 1016 779 inscriptus
1044 735 1207 777 statuae,
1237 742 1314 779 qua
1332 730 1537 768 honoravit
1556 741 1687 778 regem

181 805 257 832 non
285 794 548 833 insulanorum
569 794 746 840 societ-as,
775 798 818 832 ut
840 793 1134 842 Philadelphum
1165 793 1370 841 quondam,
1400 793 1468 832 sed
1488 792 1532 830 τὸ
1557 791 1686 829 κοινὸν

181 855 440 904 Μακεδόνων,
475 862 518 895 ut
547 857 820 905 Dittenberger
847 862 952 895 recte
982 855 1231 905 supplevit‘ffl)
1268 857 1558 904 inscriptionem
1587 856 1686 895 lace-

183 931 278 967 ram,
308 931 473 958 coronae
503 919 680 968 denique,
709 931 808 968 quae
837 931 860 958 a
886 920 1009 958 Deliis
1038 919 1180 958 fautori
1209 931 1254 958 ac
1281 920 1447 968 principi
1477 931 1545 958 suo
1576 924 1687 958 erant

183 982 433 1027 decretaefl)
480 982 654 1021 Omnium
684 995 775 1021 vero
804 984 1071 1031 gravissimum
1099 983 1251 1021 videtur
1278 983 1371 1021 mihi
1401 995 1486 1021 esse
1514 984 1686 1022 testimo-

180 1047 284 1084 nium
315 1047 417 1095 regis
446 1047 689 1085 auctoritatis
711 1046 851 1084 donum
872 1047 980 1093 illud,
1010 1046 1113 1095 quod
1140 1048 1179 1084 in
1199 1047 1311 1085 titulo
1340 1047 1509 1085 nondum
1538 1047 1684 1096 publici

181 1110 278 1147 iuris
306 1108 407 1148 facto
436 1113 756 1148 commemoratur
784 1110 855 1149 deo
877 1111 1027 1149 dicasse
1056 1111 1140 1158 ipso
1170 1111 1236 1149 illo
1259 1110 1459 1150 Sosistrati
1488 1110 1684 1149 archontis

181 1184 281 1211 anno
311 1177 436 1219 (201),
473 1184 548 1221 quo
581 1184 711 1221 pugna
746 1174 796 1212 ad
823 1173 956 1212 Laden
991 1174 1155 1212 insulam
1192 1175 1396 1212 commissa
1423 1174 1595 1212 Rhodios
1624 1183 1685 1212 so-

179 1237 334 1275 cietatis
362 1237 556 1285 principes
589 1237 853 1275 insulanorum
882 1236 1090 1282 devicit.4⁸)
1134 1236 1210 1275 Sed
1238 1237 1346 1275 brevi
1373 1242 1463 1285 post
1490 1236 1684 1276 funestum

177 1298 274 1337 illud
308 1310 393 1338 cum
427 1299 610 1338 Romanis
648 1303 868 1348 susceptum
903 1299 1046 1338 bellum
1081 1300 1262 1348 Philippo
1299 1305 1471 1349 ereptam
1507 1312 1591 1339 esse
1626 1312 1684 1339 so-

180 1363 327 1401 ciorum
356 1363 478 1401 classe
507 1373 654 1402 sacram
683 1363 849 1401 insulam
874 1364 1010 1401 testari
1038 1363 1216 1401 videntur
1244 1363 1346 1402 dona
1374 1364 1445 1403 deo
1474 1364 1588 1403 Delio
1617 1364 1683 1403 ob-

178 1426 260 1463 lata
293 1425 342 1464 ab
370 1425 529 1464 Hermia
563 1426 766 1465 nesiarcho
801 1438 901 1465 anno
931 1427 1114 1476 Diogenis
1150 1427 1346 1466 archontis
1383 1427 1561 1476 (197),4⁹)
1597 1440 1683 1467 cum

180 1489 225 1527 T.
256 1489 456 1536 Quinctius
484 1489 723 1528 Flamininus
752 1491 791 1528 in
818 1491 1060 1529 Thessaliam
1088 1496 1125 1529 et
1152 1491 1356 1530 Graeciam
1385 1492 1604 1538 invaderet3
1633 1491 1683 1530 ad

179 1552 359 1600 idemque
387 1555 537 1601 tempus
565 1552 770 1592 referenda
799 1558 888 1592 sunt
915 1553 990 1592 duo
1019 1554 1152 1602 populi
1180 1554 1318 1593 deliaci
1346 1554 1511 1602 decreta,
1542 1555 1681 1604 quibus

183 1615 453 1655 collaudantur
476 1616 664 1665 praefecti
692 1619 882 1656 sociorum
913 1618 1046 1656 classis
1082 1619 1214 1663 (etiam
1242 1619 1535 1657 Atheniensium
1564 1629 1682 1657 naves

180 1684 545 1724 commemorantur)
573 1680 780 1729 Epicrates
809 1681 1021 1729 Polystrati
1050 1681 1132 1728 f.⁵0)
1167 1686 1205 1720 et
1231 1683 1359 1720 Anaxi
1381 1710 1540 1720 ......
1569 1681 1682 1719 Phei-

179 1742 369 1782 dianactis
405 1741 430 1780 f.
465 1742 684 1790 Rhodii,⁵¹)
728 1744 831 1792 quod
865 1745 904 1782 in
938 1744 1065 1782 insula
1101 1746 1325 1783 commorati
1363 1745 1503 1783 eximia
1535 1745 1681 1793 pietate

179 1805 291 1844 deum
329 1807 526 1854 prosecuti
558 1807 635 1844 sint
669 1811 707 1845 et
743 1806 866 1846 edicto
900 1808 1090 1854 caverint,
1126 1819 1172 1846 ne
1207 1809 1291 1856 quis
1328 1807 1528 1846 Deliorum
1565 1813 1680 1856 portu

182 1867 403 1920 ὁρμητηρίῳ
433 1873 609 1908 uteretur
636 1870 686 1909 ad
714 1870 844 1908 hostes
873 1870 1067 1909 vexandos
1096 1875 1212 1919 atque
1241 1870 1490 1918 diripiendos.
1537 1871 1570 1908 E
1598 1875 1680 1910 toto

175 1932 419 1971 decretorum
447 1944 622 1972 sermone
657 1945 847 1982 apparere
883 1933 974 1971 mihi
1009 1933 1160 1972 videtur
1193 1945 1269 1972 non
1298 1933 1416 1972 fuisse
1448 1933 1579 1972 Delios
1608 1934 1680 1973 hoc

176 1999 351 2044 tempore
379 1995 547 2035 foederis
575 1997 840 2036 insulanorum
866 1998 1077 2045 participes
1106 2001 1221 2046 atque
1250 1998 1360 2045 longe
1389 1998 1505 2036 aliam
1533 1998 1589 2036 rei
1617 2009 1680 2046 ge-

177 2058 320 2097 rendae
349 2059 536 2098 rationem
573 2061 745 2098 timuisse
775 2071 797 2098 a
825 2061 1015 2099 sociorum
1050 2060 1271 2109 praefectis.
1326 2061 1396 2099 His
1425 2060 1575 2099 duobus
1603 2064 1680 2099 ter-

176 2122 272 2160 tium
299 2121 466 2170 adiungo
496 2121 691 2160 decretum
721 2123 847 2161 adhuc
867 2124 1065 2171 ineditum,
1095 2136 1170 2172 quo
1199 2125 1355 2162 summis
1383 2124 1562 2163 laudibus
1592 2123 1678 2163 effe·

176 2188 315 2223 runtur
348 2185 567 2224 nauarchus
603 2184 759 2234 quidam
787 2186 962 2225 Rhodius
992 2190 1029 2225 et
1056 2187 1261 2226 trierarchi
1296 2191 1375 2226 tres
1415 2187 1487 2226 »ad
1514 2188 1676 2226 salutem

264 2363 312 2406 46)
337 2363 430 2398 Bull.
455 2363 498 2399 de
524 2363 622 2399 Corr.
649 2363 741 2399 Hell.
763 2363 824 2408 IV,
849 2375 882 2408 p.
901 2365 986 2402 217:
1012 2364 1276 2410 Dittenberger,
1303 2365 1386 2410 8511.
1413 2365 1522 2400 Inscr.
1549 2365 1675 2401 Graec.

174 2421 202 2466 1,
225 2423 297 2457 194.
435 2422 483 2464 4⁷)
508 2421 628 2457 Etiam
653 2421 818 2457 Demaris
844 2422 1026 2457 archontis
1052 2428 1210 2467 tempore
1237 2423 1427 2467 quotannis
1454 2423 1594 2458 videtur
1619 2434 1675 2459 eo·

174 2478 272 2514 ronis
296 2482 443 2514 ornatus
468 2489 563 2514 esse:
589 2479 652 2514 cfr.
671 2479 814 2514 Demar.
832 2480 929 2515 arch.
948 2486 1013 2515 rat.
1040 2480 1099 2515 lin.
1118 2483 1254 2517 26—27
1273 2486 1306 2516 et
1324 2484 1471 2526 43—44,
1496 2481 1556 2516 ubi
1583 2492 1675 2517 com-

174 2542 416 2572 memorantur
446 2537 607 2573 redditae
640 2538 706 2573 deo
732 2538 908 2583 pecuniae
935 2549 956 2573 a
981 2539 1144 2576 civitate.
1177 2550 1269 2583 quae
1303 2549 1362 2574 eas
1388 2544 1530 2574 mutuas
1557 2550 1674 2584 sump-

175 2599 273 2630 serat
296 2595 342 2630 ad
358 2605 507 2631 coronas
533 2605 661 2631 aureas
678 2596 846 2640 Philippo
871 2596 946 2640 regi
965 2596 1218 2632 Telesarchide
1243 2600 1350 2640 (anno
1374 2599 1462 2639 182),
1488 2596 1674 2632 Phocaeeo

176 2652 220 2697 (a.
250 2653 339 2696 181),
362 2651 516 2687 Demare
542 2657 588 2694 (a.
619 2656 696 2696 180)
721 2653 953 2688 archontibus
979 2653 1188 2689 offerendas.
1326 2655 1374 2695 ⁴8)
1400 2654 1491 2689 Bull.
1518 2653 1549 2688 d.
1576 2654 1673 2689 Corr.

175 2707 268 2744 Hell.
293 2708 354 2754 VI,
378 2720 413 2754 p.
443 2711 515 2745 161.
677 2710 724 2753 ⁴9)
749 2709 891 2744 Demar.
925 2709 1021 2745 arch.
1052 2710 1121 2745 inv.
1147 2710 1207 2745 lin.
1234 2713 1287 2746 71.
1450 2712 1496 2751 ⁵⁰)
1522 2710 1614 2745 Bull.
1639 2710 1672 2745 d.

177 2765 274 2802 Corr.
300 2766 393 2802 Hell.
419 2767 463 2812 X,
489 2778 521 2812 p.
553 2769 624 2803 111.
763 2768 810 2810 ⁵¹)
835 2767 923 2802 Ibid.
952 2779 985 2812 p.
1016 2770 1087 2803 118.
