1979 3326
750 322 1059 364 —139—

159 445 310 486 Gallimi
333 448 382 492 (a.
405 448 507 493 268),
536 446 684 485 Proch's
706 448 755 492 (a.
777 450 879 493 265),
908 446 1169 484 Archedamae
1190 449 1239 491 (a.
1257 451 1347 491 263)
1377 470 1424 475 -—
1444 448 1482 485 hi
1502 451 1648 495 septem

159 510 198 547 in
219 521 293 548 uno
312 509 439 558 lapide
460 509 594 557 scripti
620 530 669 536 -
697 508 858 547 Phillios
878 511 928 554 (a.
951 512 1052 556 259),
1080 510 1217 547 incerti
1237 510 1447 557 cuiusdam,
1476 511 1541 558 qui
1561 514 1649 557 post

158 572 396 620 Amphiclem
425 575 475 618 (a.
500 576 589 614 260)
618 576 676 609 est
702 570 854 610 functus
882 582 1055 617 munere,
1086 571 1284 610 Sosistrati
1313 575 1364 617 (a.
1387 577 1495 619 201),
1525 573 1648 610 Theo-

158 634 245 673 dori
265 638 316 681 (a.
340 637 441 682 172),
469 635 670 673 Timoxeni
690 639 739 678 (a.
767 634 934 679 171).111)
976 634 1034 673 De
1063 633 1196 672 officiis
1226 635 1376 683 quidem
1398 635 1649 683 choragorum

158 697 255 736 nihil
283 698 398 746 plane
427 697 624 745 discimus,
660 697 727 735 sed
755 698 846 745 quin
881 697 1014 735 eadem
1042 696 1121 735 fere
1150 696 1311 745 fuerint,
1345 702 1460 746 atque
1489 699 1648 736 Athenis

158 761 243 808 lege
263 763 396 799 sancta
416 764 537 806 erant,
567 771 642 798 non
664 763 722 797 est
740 759 1008 804 dubitandum3
1037 771 1159 807 neque
1179 761 1303 798 minor
1322 761 1526 799 aemulatio
1547 766 1648 799 certe

159 827 244 862 erat
271 826 337 861 aut
366 826 538 870 sumptus
556 823 734 860 minores.
778 822 961 860 Producti
989 824 1134 859 suntin
1164 833 1341 861 scaenam
1361 824 1477 871 chori,
1506 829 1549 862 ut
1574 825 1650 863 iam

160 887 250 933 dixi,
278 885 338 924 bis
367 885 588 933 quotannis:
624 884 838 932 Apollineis
867 889 904 922 et
930 884 1138 933 Dionysiis.
1185 886 1398 932 Apollineis
1426 887 1538 924 unius
1565 891 1651 925 tan-

160 952 241 986 tum
269 948 420 995 generis
440 947 547 985 chori
574 948 674 984 inter
702 958 742 985 se
763 947 964 985 certabant
990 969 1039 974 —
1066 948 1292 996 puellarum,
1321 954 1364 986 ut
1383 949 1445 986 hic
1472 961 1649 997 graecum

157 1010 304 1048 παίδων
339 1011 457 1048 latino
491 1022 665 1049 sermone
701 1014 851 1048 vertere
879 1011 1025 1059 placet:
1067 1014 1182 1059 atque
1219 1012 1256 1048 hi
1293 1016 1382 1050 sunt
1415 1013 1498 1050 sine
1533 1013 1649 1051 dubio

158 1074 402 1112 inclutissimi
429 1073 484 1111 illi
512 1073 699 1120 virginum
729 1073 924 1111 Deliarum
953 1074 1058 1111 chori
1086 1075 1161 1112 iam
1190 1075 1229 1112 in
1257 1075 1396 1122 hymno
1425 1075 1474 1114 ad
1502 1076 1648 1124 Apolli-

159 1148 245 1175 nem
279 1136 431 1174 Delium
470 1136 624 1173 summis
659 1135 837 1174 laudibus
875 1135 1077 1183 celebrati,
1115 1137 1252 1187 κοῦραι
1280 1136 1463 1187 Δηλιάδες
1495 1139 1555 1176 vel
1582 1137 1650 1188 Δη-

160 1198 293 1242 λιάδες
312 1199 537 1247 simpliciter
556 1199 779 1247 saepissime
801 1200 840 1236 in
861 1200 982 1237 titulis
1002 1199 1306 1245 nominatae.1¹2)
1344 1201 1416 1248 Qui
1435 1202 1650 1249 puellarum

159 1263 267 1302 chori
296 1266 400 1300 certe
427 1262 541 1310 primi
569 1262 734 1300 omnium
763 1261 1003 1300 habebantur
1023 1266 1061 1299 et
1079 1263 1367 1301 instruebantur
1386 1275 1531 1303 summa
1559 1276 1651 1304 cura

159 1326 400 1373 maximoque
437 1328 628 1372 apparatu
663 1335 709 1362 ac
745 1329 898 1372 sumptu
933 1329 1048 1372 atque
1083 1326 1244 1364 victoria
1279 1327 1326 1364 iis
1360 1331 1475 1374 parta
1501 1332 1650 1366 tantum

161 1389 301 1427 ceteris
322 1387 548 1435 excellebat,
568 1390 750 1435 quantum
771 1387 931 1425 Athenis
946 1387 1180 1436 Dionysiaca
1198 1389 1424 1436 praestabat
1441 1390 1650 1437 Lenaicae3

159 1451 324 1500 ideoque
345 1454 384 1489 et
404 1451 495 1498 quia
522 1451 685 1488 maximo
713 1449 811 1488 festo
833 1450 978 1489 deliaco
1007 1451 1215 1499 prodibant
1242 1452 1280 1490 in
1300 1452 1507 1501 publicum,
1537 1455 1649 1493 etiam

159 1515 199 1552 in
220 1513 405 1561 catalogis
424 1515 547 1563 primo
567 1515 651 1553 loco
671 1519 1025 1553 commemorantur.
1069 1515 1252 1554 Fortasse
1273 1517 1385 1555 etiam
1407 1517 1500 1556 haec
1519 1530 1649 1556 eorum

163 1577 348 1616 sanctitas
377 1576 493 1628 (ἱεροὶ
521 1577 598 1614 τῶν
625 1576 769 1614 παίδων
793 1578 918 1630 χοροί
937 1579 976 1615 in
995 1579 1117 1616 titulis
1146 1579 1294 1618 duobus
1304 1579 1368 1623 l¹³)
1389 1582 1650 1629 appellantur)

163 1650 281 1678 causa
307 1638 391 1687 fuit,
420 1651 488 1678 cur
514 1644 669 1688 praeter
696 1641 782 1679 illos
810 1641 904 1678 nulli
933 1641 1038 1679 chori
1067 1642 1131 1679 alii
1152 1643 1366 1690 Apollineis
1395 1644 1651 1691 produceren-

159 1706 235 1750 tur,
264 1714 312 1741 ne
331 1702 380 1741 ab
400 1703 455 1741 eis
476 1702 782 1742 distraherentur
802 1705 1055 1752 spectantium
1083 1706 1209 1742 animi.
1252 1705 1306 1743 Ut
1325 1711 1452 1744 autem
1474 1708 1650 1755 quaterni

161 1766 348 1813 virginum
376 1765 482 1804 chori
517 1767 721 1814 quotannis
755 1766 1024 1815 decertabant,
1059 1769 1114 1806 ita
1142 1770 1318 1816 quaterni
1353 1770 1467 1808 etiam
1495 1771 1651 1818 choragi

161 1831 288 1875 erant,
325 1829 390 1877 qui
419 1840 484 1867 eos
512 1829 774 1877 instruebant,
812 1842 941 1868 omnes
970 1834 1073 1869 certe
1108 1843 1127 1868 e
1162 1832 1300 1869 civium
1335 1844 1491 1871 numero
1527 1834 1648 1871 electi.

161 1891 358 1939 Dionysiis
385 1903 476 1930 vero
496 1893 668 1940 triplices
697 1892 902 1931 laudantur
922 1893 1044 1931 chori:
1073 1893 1226 1940 παίδων,
1256 1894 1474 1944 κωμῳδῶν,
1506 1909 1652 1945 τραγῳ-

163 1953 252 1992 δῶν.
309 1952 466 1992 [laeam
493 1955 646 2003 quidem
675 1956 811 1994 choros
839 1956 909 1995 hos
936 1968 1012 1995 non
1040 1958 1252 2005 puellarum
1283 1958 1396 1996 credo
1426 1958 1554 2005 fuisse,
1584 1959 1651 1996 sed

160 2028 384 2065 puerorum:
426 2030 474 2056 ne
502 2020 587 2067 quis
622 2019 712 2057 mihi
749 2020 890 2059 obiciat
926 2032 1002 2059 non
1036 2022 1206 2068 potuisse
1242 2034 1317 2060 uno
1347 2023 1556 2072 eodemque
1586 2034 1651 2061 no-

163 2080 264 2118 mine
283 2084 467 2130 utrosque
495 2083 694 2130 appellari,
724 2084 756 2121 si
776 2083 917 2121 diversi
943 2082 1118 2131 fuissent,
1148 2084 1258 2123 homo
1279 2085 1448 2125 deliacus
1476 2088 1535 2125 vel
1555 2087 1651 2125 adeo

161 2143 285 2191 quivis
313 2155 474 2192 graecus
501 2145 597 2184 haec
623 2146 754 2193 legens
781 2151 886 2185 certe
915 2159 990 2185 non
1019 2147 1238 2187 nesciebat.
1279 2150 1356 2187 utri
1386 2154 1513 2187 essent
1540 2151 1651 2198 xirgi-

160 2217 263 2254 num,
291 2208 369 2245 utri
388 2220 606 2256 puerorum,
636 2209 830 2258 Dionysiis
859 2214 985 2249 autem
1006 2223 1082 2249 non
1109 2212 1233 2249 minus
1253 2216 1399 2250 certum
1428 2217 1485 2251 est
1504 2214 1651 2261 puellas

160 2269 346 2317 ingenuas
375 2282 451 2309 non
478 2272 640 2310 saltasse
670 2284 794 2321 neque
823 2274 1004 2312 cecinisse
1033 2275 1071 2311 in
1099 2274 1266 2322 publico,
1297 2286 1410 2322 quam
1438 2276 1651 2323 Apollineis

159 2331 232 2371 hoc
258 2332 346 2371 Deli
384 2332 467 2372 fieri
497 2345 580 2373 esse
609 2335 775 2373 solitum.
830 2336 1042 2375 Puerorum
1078 2337 1214 2376 choros
1242 2338 1331 2375 item
1361 2340 1537 2386 quaterni
1565 2340 1652 2377 cho·

160 2396 244 2443 ragi
283 2396 564 2444 producebant,
605 2399 695 2437 item
737 2411 757 2437 e
799 2400 934 2437 civium
982 2412 1138 2438 numero
1180 2401 1302 2438 electi.
1375 2400 1521 2440 Choros
1563 2414 1651 2440 vero

252 2549 313 2592 ¹¹1)
339 2548 511 2584 Undecim
536 2549 656 2594 primi:
690 2550 782 2586 Bull.
809 2551 841 2586 d.
868 2552 965 2587 Corr.
993 2552 1083 2586 Hell.
1111 2553 1187 2586 VII.
1215 2564 1247 2597 p.
1272 2555 1463 2593 103—121;
1489 2554 1651 2589 duodeci-

160 2615 255 2641 mus:
280 2605 365 2642 ibid.
390 2606 452 2652 IX,
477 2618 510 2652 p.
533 2610 719 2645 146—157.
849 2610 911 2651 ¹¹²)
937 2610 984 2646 Ut
1009 2610 1172 2654 exempla
1197 2611 1358 2645 afferam:
1388 2611 1528 2646 Demar.
1555 2612 1650 2647 arch.

160 2662 229 2697 inv.
254 2662 314 2698 lin.
332 2666 386 2709 45,
410 2666 466 2709 90,
496 2667 568 2710 128,
600 2668 677 2710 139;
703 2672 1021 2702 commemorantur
1039 2667 1146 2702 etiam
1173 2674 1300 2711 quater
1317 2669 1352 2702 in
1370 2669 1650 2713 Hypsocl.21rch.

160 2719 229 2754 inv.
254 2720 315 2755 lin.
332 2723 479 2766 51-60,
504 2732 593 2767 quas
618 2734 637 2758 e
655 2723 758 2759 titulo
783 2725 899 2761 adhuc
925 2725 1058 2761 inedito
1085 2726 1234 2770 protulit
1250 2726 1466 2762 Homollius:
1502 2727 1592 2762 Bull.
1619 2728 1650 2763 d.

161 2776 259 2812 Corr.
276 2777 368 2813 Han.
385 2777 446 2823 VI,
471 2790 504 2824 p.
527 2782 598 2817 137.
694 2782 755 2825 1¹³)
778 2782 870 2818 Bull.
896 2782 928 2818 d.
947 2783 1044 2818 Corr.
1063 2783 1154 2819 Hell.
1180 2784 1226 2829 ΙΙ,
1251 2795 1284 2830 p.
1303 2788 1365 2820 331
1386 2791 1421 2820 et
1437 2785 1498 2829 IV,
1523 2796 1557 2830 p.
1573 2789 1650 2821 351.
