1957 3326
951 299 1231 340 -84-

341 427 510 471 qnnntur
551 427 750 471 (quantum
795 422 946 471 quidem
983 422 1131 471 pondus
1168 424 1422 471 perscriptum
1462 427 1536 470 est)
1578 436 1640 464 res
1676 429 1837 474 argento

339 486 462 524 saetae
491 509 539 513 —
569 488 739 534 exceptis
769 488 836 533 eis,
867 487 931 524 ubi
961 499 1027 524 aes
1047 487 1254 525 admixtum
1285 487 1436 533 dicitur,
1467 487 1533 525 sed
1562 487 1838 535 adnumeratis,

338 561 435 597 quae
465 550 643 588 inaurata
673 555 771 594 sunt,v
803 548 1044 599 (ὑπάργυμικ)
1074 572 1122 576 -
1153 562 1226 587 non
1256 550 1374 588 multo
1403 550 1566 598 amplius
1597 562 1710 599 quarn
1741 556 1761 589 3
1782 555 1838 590 ta-

338 614 441 651 lenta
471 618 568 651 4809
591 613 646 650 dr.
675 614 778 651 attic.
801 612 982 651 efficiunt.
1013 617 1053 650 ut
1081 614 1197 650 totius
1226 614 1373 661 argenti
1403 614 1440 650 in
1461 613 1531 651 hoc
1551 613 1694 661 templo
1714 625 1839 652 asser·

338 677 416 713 vati
447 677 556 724 copia
587 680 772 723 exaequet
808 680 851 713 18
873 676 1018 713 talenta
1049 679 1145 713 5475
1175 675 1386 713 drachmas.
1434 675 1528 713 Auri
1558 687 1647 714 vero
1675 675 1838 724 pondus,

337 739 438 786 quod
469 738 621 786 quidem
652 739 761 776 nobis
791 743 918 777 notum
949 739 1016 784 sit,
1047 742 1103 775 est
1133 737 1210 775 fere
1240 742 1339 775 8440
1361 736 1432 784 dr.,
1467 749 1565 786 quae
1601 750 1715 786 pares
1750 742 1839 777 sunt

337 802 519 848 (pretium
549 802 648 839 euim
685 802 767 838 anri
803 812 918 848 supra
948 800 1109 837 vidimus
1138 800 1209 838 hoc
1238 805 1409 847 tempore
1438 800 1613 840 undecim
1642 800 1722 839 fere
1749 812 1838 850 par·

336 863 438 901 tibus
468 865 591 902 maius
621 863 737 901 fuisse
767 874 878 911 qnam
910 863 1075 910 argenti)
1105 863 1231 900 atticis
1261 862 1418 899 talentis
1453 868 1495 900 15
1517 862 1709 901 drachmis
1738 868 1837 902 2843

336 928 543 973 argenteis.
587 927 685 965 Tota
713 927 829 974 igitur
848 926 997 964 Dianae
1018 926 1149 973 templi
1172 925 1345 972 supellex
1376 930 1414 963 et
1441 936 1561 964 aurea
1588 929 1627 964 et
1655 929 1839 974 argentea

337 989 451 1027 efficit
489 989 536 1028 ad
573 995 620 1028 34
650 990 715 1026 tal.
747 994 845 1027 2318
875 989 931 1026 dr.
989 989 1029 1026 In
1065 988 1255 1036 Apollinis
1292 987 1380 1026 fano
1408 989 1701 1027 Atheniensium
1737 988 1839 1027 dona

335 1064 472 1100 magna
500 1053 646 1099 Niciae,
676 1051 833 1099 Calliae,
865 1052 1036 1089 Autoclis
1071 1051 1307 1099 aliorumque
1336 1062 1412 1089 non
1451 1056 1540 1090 sunt
1573 1063 1711 1100 pensa,
1746 1052 1838 1090 duo·

337 1115 457 1153 decim
493 1119 618 1153 autem
655 1126 819 1153 coronae
861 1115 1122 1162 penteterieae
1165 1118 1237 1152 977
1268 1113 1323 1151 dr.
1363 1113 1440 1159 4¹l²
1468 1114 1530 1152 ob.
1565 1114 1753 1163 pendent,
1795 1119 1839 1153 ut

336 1191 464 1216 earum
496 1180 659 1226 pretium
687 1190 758 1226 par
787 1179 836 1216 sit
869 1183 883 1215 l
906 1178 971 1215 tal.
1002 1179 1100 1215 4755
1122 1177 1178 1214 dr.
1208 1188 1287 1224 arg.
1311 1174 1355 1213 ‘0
1383 1176 1526 1227 Δηλίων
1555 1175 1654 1220 νεὼς
1681 1182 1838 1226 praeter

334 1244 537 1281 maximam
553 1244 654 1280 aeris
671 1243 818 1290 copiam
832 1242 1000 1289 quinque
1018 1245 1166 1278 tamum
1177 1251 1338 1278 coronas
1353 1251 1504 1288 aureas,
1515 1241 1554 1279 in
1569 1241 1628 1279 his
1644 1252 1721 1288 eaS‚
1739 1252 1836 1290 quae

332 1319 355 1345 a
393 1306 592 1354 Lysandro
630 1310 668 1344 et
695 1306 870 1343 Pharace
907 1308 993 1342 sunt
1029 1304 1212 1350 donatae,
1249 1307 1287 1341 et
1322 1304 1462 1342 monile
1498 1314 1613 1341 unum
1649 1304 1835 1342 continet:

333 1382 466 1408 aurum
501 1374 621 1407 totum
661 1374 734 1408 340
763 1368 818 1406 dr.
861 1374 875 1406 1
907 1368 966 1406 ob.
1004 1379 1078 1405 non
1116 1368 1279 1416 amplius
1315 1366 1431 1405 efficit
1464 1367 1523 1405 vel
1557 1367 1707 1415 argenti
1736 1368 1835 1405 3742

333 1433 533 1470 drachmas
563 1433 711 1470 atticas.
770 1431 876 1478 Quae
906 1431 1033 1468 omnia
1061 1431 1091 1467 si
1121 1431 1158 1468 in
1192 1441 1308 1468 unum
1336 1430 1620 1477 coniungimus‚
1649 1428 1832 1467 habemus

333 1507 517 1533 summam
553 1501 600 1534 36
629 1496 814 1533 talentum
845 1499 943 1532 4815
970 1494 1233 1531 drachmarum
1265 1494 1414 1542 argenti
1441 1493 1568 1538 attici;
1598 1493 1629 1530 si
1657 1503 1748 1530 vero
1776 1503 1836 1530 re-

334 1564 511 1607 putamus
542 1558 613 1596 hac
634 1568 780 1595 summa
809 1569 932 1605 neque
954 1557 1074 1595 inulta
1093 1557 1159 1594 illa.
1185 1556 1287 1594 dona
1315 1553 1465 1593 ἅστατα
1493 1555 1681 1593 contineri
1710 1566 1834 1603 neque

338 1621 437 1658 ullas
466 1621 561 1658 alias
590 1630 652 1657 res
688 1624 844 1666 praeter
879 1630 973 1656 auro
1009 1622 1213 1666 argentove
1242 1617 1377 1664 factas,
1406 1630 1453 1656 ne
1481 1629 1654 1656 nummos
1682 1617 1835 1666 quidem

335 1685 476 1730 varios‚
506 1683 658 1720 minime
687 1681 765 1720 falli
795 1681 886 1719 mihi
914 1681 1055 1728 videor,
1086 1682 1116 1719 si
1137 1685 1255 1719 totam
1277 1681 1434 1719 deorum
1453 1693 1532 1719 rem
1559 1681 1598 1718 in
1625 1681 1748 1719 tribus
1777 1680 1835 1719 his

332 1747 490 1794 templis
526 1748 760 1783 asservatam
800 1744 1017 1782 Timocrate
1053 1743 1234 1781 archonte
1270 1754 1345 1781 non
1380 1745 1561 1782 minorem
1597 1742 1715 1782 fuisse
1744 1754 1836 1792 qua.-

335 1810 513 1856 draginta
533 1809 681 1856 argenti
702 1808 858 1845 talentis
880 1811 1021 1845 statuo.
1064 1806 1175 1845 Addo
1204 1806 1386 1852 tabulam,
1417 1819 1493 1855 qua
1512 1810 1594 1846 tota
1621 1807 1715 1846 haec
1735 1818 1834 1846 com·

333 1874 484 1922 putatio
513 1873 634 1920 magis
662 1870 729 1910 fiat
758 1871 974 1919 perspicua.

435 1959 634 2007 Templum
664 1958 830 1996 Dianae:

328 2041 480 2089 phialae
501 2043 707 2087 argenteae
728 2060 776 2066 —
802 2043 845 2075 10
862 2037 926 2075 tal.
945 2041 1043 2074 5286
1060 2035 1115 2073 dr.
1141 2035 1341 2082 aeginetic.
1362 2047 1404 2062 =
1429 2039 1471 2072 15
1488 2034 1554 2072 tal.
1598 2039 1672 2074 666
1687 2033 1745 2072 dr.
1761 2038 1829 2073 att.

327 2104 478 2151 reliqua
508 2103 681 2151 supellex
711 2105 894 2149 argentea
946 2122 1339 2135 .......
1450 2101 1472 2135 3
1489 2096 1555 2135 tal.
1573 2101 1671 2135 4809
1686 2096 1743 2135 dr,

329 2167 514 2205 donorum
531 2176 733 2203 aureorum
753 2163 902 2213 pondus
923 2160 1341 2205 1t1a1.2440dr.1¹s20b.
1362 2173 1404 2188 =
1429 2165 1472 2197 15
1489 2160 1554 2198 tal.
1572 2164 1671 2199 2843
1687 2160 1743 2198 dr.

1187 2235 1341 2273 Summa
1360 2247 1402 2263 =
1423 2239 1471 2273 34
1487 2235 1553 2273 tal.
1570 2239 1670 2274 2318
1685 2234 1742 2273 dr.

319 2304 363 2341 ‘0
398 2302 496 2345 νεὼς
533 2301 747 2353 Ἀθηναίωνε
791 2302 874 2340 anri
910 2299 1060 2349 pondus
1097 2320 1145 2326 —
1180 2300 1252 2335 977
1282 2297 1337 2335 dr.

429 2367 504 2410 4¹s2
533 2367 607 2411 ob.,
637 2367 745 2403 cuius
774 2365 937 2413 pretium
1008 2387 1339 2400 ......
1361 2374 1402 2389 =
1453 2360 1551 2400 ltal.
1569 2365 1668 2400 4755
1685 2360 1742 2400 dr.

316 2430 358 2468 ‘0
386 2429 485 2472 νεώς
506 2429 667 2479 Δηλίωνε
697 2429 781 2467 auri
806 2426 956 2476 pondus
978 2447 1026 2453 —
1047 2430 1119 2463 340
1140 2424 1196 2463 dr.
1223 2429 1238 2462 1
1262 2423 1336 2470 ob.‚

432 2494 539 2531 cuius
568 2494 731 2541 pretinm
806 2519 813 2526 .
871 2518 878 2526 .
936 2517 943 2525 .
1001 2517 1008 2526 .
1065 2516 1073 2524 .
1130 2515 1137 2523 .
1194 2515 1201 2523 .
1258 2514 1266 2522 .
1323 2514 1331 2522 .
1352 2500 1395 2516 =
1569 2489 1669 2526 3748
1684 2486 1741 2526 dr.

323 2555 561 2618 Ἀναθήματα
596 2568 740 2613 omnia,
778 2578 875 2614 qnae
912 2564 1065 2612 quidem
1095 2564 1172 2601 sint
1199 2573 1331 2610 pensa,

424 2632 617 2679 complent
646 2631 809 2678 pretinm
876 2654 1333 2664 ........
1422 2629 1469 2664 36
1485 2625 1550 2664 tal.
1566 2629 1664 2663 4815
1681 2624 1739 2663 dr.
1757 2628 1825 2663 att.

322 2696 378 2734 vel
401 2695 541 2733 additis
577 2693 765 2740 omnibus,
795 2705 893 2741 qnae
923 2689 1075 2728 ἅστατα
1104 2695 1171 2729 aut
1200 2702 1245 2728 ex
1275 2701 1364 2728 aere
1392 2689 1497 2729 facta
1526 2692 1626 2736 sunt,
1654 2692 1736 2727 tota
1764 2699 1826 2726 su·

318 2759 442 2807 pellex
475 2770 585 2796 sacra
614 2756 850 2797 aestimanda
883 2761 938 2794 est
972 2763 1076 2793 certe
1114 2765 1187 2792 non
1218 2754 1375 2792 minoris
1404 2764 1517 2801 quam
1547 2757 1595 2791 40
1624 2751 1823 2791 talentum.
