1979 3326
781 287 1093 328 —145—

185 409 450 448 constituebat
477 410 645 458 praedes
674 422 759 457 sex,
793 422 954 458 quorum
984 424 1004 449 e
1031 423 1074 449 re
1103 410 1282 450 familiari
1312 413 1384 451 deo
1414 412 1632 459 satisfieret,
1662 414 1694 451 si

182 472 406 520 respublica
432 475 605 520 tempore
634 473 735 511 iusto
765 485 806 510 se
835 485 924 511 aere
953 474 1079 512 alieno
1107 486 1184 512 non
1211 475 1509 522 liberasset3130)
1538 479 1692 524 pactum

184 538 304 573 totum
342 545 426 572 cum
461 536 649 582 pecuniae
685 535 838 573 debitae
869 547 1015 574 summa
1042 537 1307 585 praedumque
1336 539 1554 576 nominibus
1583 551 1694 577 accu-

183 599 377 636 ratissime
418 599 677 646 perscriptum
719 598 823 646 apud
865 598 1090 649 τραπεζιῖ-ην
1133 600 1410 648 deponebatur.
1424 600 1488 644 ¹³¹)
1550 602 1610 639 Ex
1646 603 1692 640 iis

181 664 331 706 autem,
367 671 463 707 quos
499 660 547 698 ab
576 660 768 698 Homollio
804 665 999 699 mutuatus
1038 674 1140 709 sum,
1176 663 1375 701 titulorum
1405 664 1499 702 locis
1529 669 1694 712 apparet

182 721 306 760 fuisse
329 722 536 760 discrimen
558 722 749 770 quoddam
769 724 871 761 inter
891 724 1002 762 ambo
1030 724 1217 772 praedum
1247 737 1391 773 genera
1418 749 1468 753 —
1496 725 1694 776 προδανει-

182 785 282 828 στὰς
310 790 349 824 et
377 784 610 836 ἀναδόχους,
641 798 764 834 neque
795 785 948 824 difficile
977 791 1047 834 est,
1078 788 1191 835 quale
1218 789 1345 836 fuerit,
1374 791 1614 837 perspicere:
1646 802 1692 828 ex

179 850 275 897 ipsis
305 847 525 886 nominibus
554 851 663 896 patet
690 849 777 886 illos
806 848 925 887 fuisse
953 850 1098 897 primos
1127 862 1347 898 sponsores,
1379 853 1465 899 qui,
1496 854 1527 890 si
1556 855 1692 892 civitas

180 924 257 951 non
278 912 461 951 solvendo
482 916 595 959 esset,
623 914 738 961 primi
759 918 989 961 cogerentur
1016 926 1081 952 aes
1102 915 1267 953 alienum
1290 915 1336 953 de
1367 927 1435 954 suo
1456 917 1690 965 persolvere,

179 987 257 1014 non
287 974 504 1014 sufficiente
534 980 661 1015 autem
691 989 819 1015 eorum
850 990 892 1016 re
920 977 1101 1016 familiari
1131 978 1403 1026 obligationem
1432 980 1471 1016 in
1501 991 1542 1017 se
1563 991 1693 1018 susee-

179 1039 284 1086 pisse
305 1038 607 1089 (ἀναδέχεσθαε)
629 1052 707 1087 eos,
738 1042 803 1088 qui
824 1041 994 1079 secundo
1015 1042 1100 1079 loco
1123 1043 1370 1089 appellantur
1390 1044 1622 1091 saepiusque
1651 1045 1691 1080 in

179 1102 398 1141 rationibus
428 1104 581 1141 omnino
611 1105 841 1142 omittuntur
867 1104 1033 1152 praedes
1062 1127 1112 1131 —
1140 1103 1337 1156 ἀνάδοχοε.
1394 1106 1543 1144 Ternos
1572 1105 1691 1143 fuisse

179 1168 368 1213 utrosque
387 1167 461 1204 iam
484 1166 564 1204 dixi
574 1165 638 1211 ¹32)
658 1167 826 1214 itemque
846 1167 1032 1205 inclinare
1051 1179 1111 1205 me
1131 1168 1170 1204 in
1192 1179 1273 1205 eam
1294 1172 1456 1216 partem,
1483 1174 1526 1206 ut
1554 1180 1691 1206 munus

181 1239 311 1266 eorum
349 1228 541 1276 liturgiam
578 1233 775 1277 putarem:
811 1233 916 1268 certe
952 1234 989 1268 et
1025 1242 1044 1268 e
1087 1230 1307 1268 divitiorum
1350 1232 1487 1269 civium
1530 1244 1688 1270 numero

182 1291 424 1339 eligebantur
444 1291 553 1340 (quid
574 1293 672 1330 enim
694 1292 766 1330 deo
786 1292 1022 1340 profuissent
1041 1293 1206 1341 praedes
1234 1294 1370 1341 inopes
1383 1293 1418 1339 5³)
1449 1299 1485 1332 et
1507 1306 1526 1331 e
1547 1307 1588 1332 re
1617 1306 1687 1333 sua

179 1353 361 1393 familiari
381 1356 567 1403 pecunias
588 1367 611 1393 a
637 1356 793 1393 civitate
822 1355 973 1393 debitas
1001 1356 1277 1403 persolvebant
1306 1361 1400 1400 (non
1429 1369 1580 1405 semper
1609 1359 1690 1405 qui—

180 1417 282 1465 dem,
311 1417 378 1456 sed
408 1418 581 1456 adversis
610 1419 866 1466 temporibus)
895 1441 945 1446 —-
973 1419 1068 1457 haec
1097 1425 1222 1457 autem
1256 1424 1345 1457 sunt
1372 1420 1483 1458 ambo
1513 1421 1691 1468 liturgiae

177 1482 313 1529 signa3
352 1493 477 1529 neque
512 1483 687 1529 tertium,
722 1486 765 1519 ut
799 1494 957 1528 munus,
994 1482 1147 1529 quando
1183 1482 1232 1520 ad
1267 1494 1379 1530 quem
1416 1487 1521 1521 certo
1557 1483 1691 1522 ordine

180 1544 401 1592 deveniret,
439 1545 656 1583 detrectare
692 1557 768 1583 non
803 1546 956 1592 liceret,
992 1545 1107 1583 eredo
1137 1544 1322 1592 defuisse,
1352 1558 1436 1584 cum
1466 1547 1580 1584 aliter
1607 1545 1692 1584 fieri

177 1609 364 1657 potuerit,
405 1612 450 1646 ut
483 1609 549 1656 qui
582 1609 622 1645 in
658 1620 699 1646 se
735 1609 930 1656 suscipere
965 1608 1098 1654 vellet,
1133 1609 1371 1646 inveniretur
1415 1621 1537 1648 nemo.
1603 1610 1691 1648 Non

180 1682 276 1720 nego
296 1672 522 1720 plerumque
545 1673 639 1710 satis
659 1672 798 1709 multos
829 1672 1024 1709 exstitisse
1053 1672 1167 1718 cives,
1197 1672 1262 1719 qui
1291 1672 1392 1710 ultro
1423 1684 1463 1709 se
1493 1672 1688 1710 offerendo

176 1735 313 1782 populi
353 1735 516 1782 gratiam
554 1739 774 1782 captarent,
813 1746 897 1772 cum
932 1745 1008 1772 non
1046 1745 1186 1782 magno
1222 1739 1376 1782 sumptu
1413 1739 1480 1772 aut
1515 1735 1688 1782 periculo

177 1797 250 1836 hoc
282 1796 410 1835 facere
440 1797 576 1835 liceret
602 1820 651 1824 —
680 1797 899 1844 tranquillis
929 1796 1082 1845 quidem
1111 1797 1367 1844 temporibus3
1404 1798 1472 1835 sed
1501 1798 1593 1846 quid
1622 1799 1688 1836 ad·

177 1861 300 1899 versis
335 1860 452 1898 rebus
487 1860 688 1898 credamus
725 1871 809 1898 esse
851 1859 1021 1897 factum?
1085 1859 1248 1907 Quoquo
1292 1860 1404 1898 modo
1447 1860 1494 1898 de
1536 1861 1606 1898 hae
1649 1873 1689 1899 re

176 1923 336 1970 iudices,
369 1927 474 1961 certe
493 1923 784 1970 magistratibus
812 1934 877 1960 eos
906 1934 982 1960 non
1011 1922 1284 1961 adnumerabis
1304 1923 1491 1961 Nenzium
1522 1929 1689 1971 secutus,

175 1987 238 2024 cui
258 1986 318 2024 vel
339 1986 435 2024 illud
454 1986 661 2024 verisimile
682 1990 739 2024 est
767 1986 888 2023 visum
922 1996 1008 2023 »eos
1039 1985 1276 2033 reipublicae
1306 1987 1492 2024 rationem
1523 1987 1688 2024 reddere

176 2048 397 2087 debuissem
412 2047 476 2095 ¹³³)
497 2049 604 2086 cuius
624 2049 681 2086 rei
701 2048 855 2086 tandem
875 2049 1062 2086 rationem
1083 2047 1302 2093 redderent,
1324 2060 1468 2096 quaeso
1490 2071 1540 2075 —
1561 2054 1687 2086 utrum

178 2112 367 2160 pecuniae
402 2123 426 2150 a
463 2111 534 2149 deo
568 2115 724 2149 mutuae
761 2110 892 2157 datae,
930 2122 1042 2158 quam
1078 2111 1152 2158 ipsi
1187 2123 1234 2148 ne
1270 2111 1388 2159 digito
1418 2112 1571 2159 quidem
1602 2113 1690 2150 atti-

177 2176 336 2223 gissent,
358 2185 406 2213 an
425 2175 542 2222 illius,
564 2185 676 2222 quam
697 2174 774 2222 ipsi
803 2173 875 2212 deo
903 2173 1075 2221 pendere
1105 2173 1304 2220 deberent,
1334 2175 1365 2212 si
1394 2175 1528 2212 civitas
1559 2174 1688 2213 debita

174 2249 254 2277 non
283 2237 477 2276 solveret?

268 2345 330 2389 ¹³⁰)
355 2344 488 2380 Charil.
520 2343 618 2379 arch.
651 2348 717 2378 rat.
751 2343 985 2379 1in.77—79:
1025 2343 1266 2385 ἐδανείσαμεν
1291 2343 1381 2385 (scil.
1408 2343 1609 2388 hieropoei)
1637 2345 1686 2389 τῇ

175 2402 276 2437 πόλει
294 2402 352 2435 καὶ
370 2403 652 2447 προδανεισταῖς
677 2422 720 2426 -
746 2401 890 2436 nomina
909 2401 979 2435 tria
1004 2421 1048 2426 —
1073 2401 1131 2433 καὶ
1150 2401 1345 2446 ἀναδόχοις
1371 2421 1414 2426 -
1439 2401 1582 2435 uomina
1602 2402 1686 2436 item

175 2458 247 2494 tria
270 2479 315 2484 —
341 2459 505 2506 δραχμὰς
529 2459 643 2493 ΧΧΧ.
787 2459 848 2500 ¹3¹)
875 2458 1007 2493 Charil.
1035 2457 1134 2493 arch.
1159 2464 1226 2492 rat.
1252 2457 1313 2491 lin.
1332 2459 1392 2492 78:
1418 2459 1510 2491 κατὰ
1529 2470 1687 2501 συγγρα·

175 2517 246 2561 φὴν
267 2516 331 2561 τὴν
350 2517 441 2560 παρ’
458 2515 627 2551 'Baucide‘
647 2513 904 2561 Κριτοβούλου
930 2517 1091 2560 κειμένη»
1120 2520 1167 2560 τῇ
1196 2515 1295 2548 πόλει
1318 2515 1372 2547 καὶ
1399 2516 1687 2558 wodanem-aig.

176 2573 373 2609 Sosisthen.
398 2573 495 2608 arch.
513 2578 580 2608 rat.
606 2573 667 2607 lin.
690 2576 768 2608 121:
801 2575 821 2618 ἡ
849 2572 1043 2617 συγγραφὴ
1071 2573 1167 2615 παρὰ
1194 2599 1339 2606 .....
1484 2573 1545 2613 1³2)
1572 2573 1687 2607 Semel

174 2630 211 2665 in
234 2630 510 2675 hieropoeorum
535 2630 734 2665 rationibus
754 2629 907 2664 Demare
925 2629 1095 2664 archonte
1114 2629 1259 2674 scriptis
1278 2629 1353 2672 (lin.
1371 2632 1437 2664 209
1448 2632 1538 2673 sqq.)
1567 2630 1687 2673 plnres

176 2687 342 2723 videntur
365 2689 556 2733 nominati,
581 2688 644 2724 sed
669 2688 796 2723 titulus
822 2688 889 2723 hoc
915 2688 992 2723 loco
1018 2694 1090 2722 tam
1116 2695 1170 2723 est
1196 2688 1360 2730 mutilus,
1395 2693 1432 2721 nt
1459 2687 1687 2721 temerarium

176 2747 224 2781 sit
249 2744 292 2780 de
316 2745 385 2780 hac
409 2756 447 2780 re
473 2746 687 2780 sententiam
713 2756 923 2790 proponere.
1068 2746 1125 2789 ¹³⁸)
1152 2745 1263 2780 Nenz.
1290 2745 1436 2788 Quaest.
1463 2743 1531 2778 del.
1559 2756 1591 2788 p.
1609 2748 1641 2778 9.

245 2809 339 2838 ast.
376 2810 428 2837 ix.
467 2809 493 2835 1.
1371 2804 1412 2837 10
