1979 3326
775 330 1083 372 —231—

766 523 1075 575 Ἀγορανόμοι.

181 651 387 691 Serambus
415 651 605 700 Heraippi
631 651 656 689 f.
685 651 876 690 Hermius.

180 715 342 754 Sotades
371 714 525 754 Sotadis
554 714 579 753 f.
608 709 913 763 Aegiliensis²³›.
1011 725 1150 764 BdCH.
1171 725 1218 773 X,
1247 738 1284 774 p,
1305 731 1363 765 33·

185 778 348 827 Gorgias
384 778 628 826 Asclepiadis
665 777 690 816 f.
731 775 899 829 Ἰωνίδης.

316 852 401 880 cum
431 841 576 880 scriba:
997 828 1171 873 (archonte
1195 830 1363 872 Zaleuco).

177 905 352 944 Menecle
379 903 614 942 Aeschronis
641 903 666 942 f.
686 904 905 943 Halaeensi.
943 795 968 963 I

179 1017 188 1026 .
209 1018 218 1027 .
239 1017 248 1027 .
269 1018 278 1027 .
297 990 358 1028 ius
386 987 433 1027 ἐκ
462 987 685 1040 Κεραμέων.
721 997 741 1094 }
809 989 905 1029 GIA.
927 991 974 1038 Π,
1004 995 1089 1030 985.

178 1052 408 1092 Alexander·
775 1060 950 1096 (archonte
975 1061 1125 1103 Medeo).

179 1143 311 1154 .....
333 1116 410 1155 sias
439 1115 655 1155 Suniensis:
685 1116 781 1155 CIA.
803 1117 851 1165 ΙΙ,
881 1123 966 1157 985.

234 1171 339 1212 (anno
363 1173 441 1202 ante
466 1169 663 1202 archontem
687 1170 934 1211 Echecratem).

181 1252 430 1263 .........
458 1225 759 1274 Xypetaeensis:
790 1226 886 1265 CIA.
906 1227 954 1275 11,
983 1232 1068 1266 985.

223 1278 399 1321 (archonte
422 1278 559 1321 Argaeo
583 1279 728 1320 iterum).

739 1463 1116 1512 Gymnasiarchi.

178 1572 330 1612 Damon
356 1570 637 1619 Icariensis24):
666 1571 762 1610 CIA.
782 1571 832 1620 11,
862 1576 947 1610 985.

216 1625 391 1667 (archonte
415 1625 615 1666 Heraclito).

178 1682 387 1730 Dionysius
414 1681 656 1720 Nestorionis
682 1681 727 1719 f.:
757 1680 854 1720 CIG.
877 1682 1011 1719 22772.

223 1734 383 1776 (statuam
409 1734 522 1777 posuit
551 1734 737 1766 Mithridati
753 1734 803 1765 VI
827 1733 1017 1777 Eupatori).

180 1790 468 1840 Dionysodorus
498 1788 777 1842 Δειραδιώτηςε
807 1790 905 1829 CIA.
926 1791 974 1836 ΙΙ,
1004 1795 1089 1829 985.

304 1843 479 1885 (archonte
505 1843 654 1883 Medeo).

185 1899 434 1938 Dioscurides
461 1899 702 1938 Dioscuridis
731 1899 755 1937 f.
784 1899 1061 1938 Rhamnusius:
1092 1898 1188 1937 CIG.
1210 1903 1320 1937 2279.

273 1954 431 1991 (statuam
457 1952 570 1994 posuit
586 1952 766 1984 Nicomedi
791 1952 971 1995 pronepoti
996 1951 1194 1984 Nicomedis
1209 1951 1243 1983 II
1268 1951 1484 1994 Epiphanis).

180 2007 426 2046 Metrodorus
455 2007 792 2056 Cydatheniensis:
823 2008 918 2046 CIA.
940 2009 990 2054 ΙΙ,
1020 2013 1105 2047 985.

273 2059 376 2103 (anno
400 2065 477 2093 ante
501 2061 696 2094 archontern
721 2061 968 2101 Echecratem).

181 2117 350 2155 Nicanor
377 2117 596 2163 (Nicanoris
624 2117 695 2163 Η)
724 2116 1084 2163 Leuconoensis²⁵):
1114 2116 1254 2155 BdCH.
1276 2117 1346 2163 ΙΙΙ,
1375 2129 1410 2165 p.
1433 2121 1519 2155 376.

409 2169 582 2211 (archonte
606 2170 850 2212 Apollodoro).
1331 2194 1341 2206 .

271 2349 318 2393 ²³)
343 2350 451 2386 Pater
467 2354 530 2386 aut
553 2350 664 2385 frater
681 2350 822 2385 videtur
846 2350 955 2385 fuisse
974 2350 1169 2386 sacerdotis
1195 2350 1288 2385 Iovis
1307 2350 1449 2395 Cynthii
1469 2350 1674 2394 Sarapionis

183 2406 325 2443 Sotadis
349 2406 371 2442 f.
397 2407 615 2451 Aegiliensis
639 2406 833 2451 (Lebegue,
858 2406 923 2441 No.
947 2409 1011 2450 10).

271 2475 315 2522 ²⁴)
346 2475 505 2511 Functus
545 2481 600 2511 est
641 2476 749 2512 etiam
791 2487 936 2511 munere
974 2476 1150 2511 duumviri
1193 2476 1250 2509 ἐπὶ
1287 2477 1329 2509 τὰ
1366 2476 1445 2520 ἱερὰ
1487 2474 1675 2519 epimeleta

182 2533 387 2570 Alexandro
411 2533 593 2570 Leonidae
618 2534 641 2570 f.

271 2602 316 2647 ²⁵)
341 2602 416 2637 Aut
445 2601 540 2637 filius
571 2607 626 2637 est
658 2602 867 2647 epimeletae
900 2602 1006 2637 huius
1039 2602 1190 2637 nominis
1217 2601 1409 2639 notissimi,
1444 2601 1502 2644 qui
1529 2610 1673 2634 munere

183 2669 247 2695 suo
271 2659 486 2704 fungebatur
510 2660 588 2705 ipso
613 2660 680 2696 hoc
705 2670 796 2695 anno
823 2660 1052 2705 (Apollodoro
1079 2660 1272 2703 archonte).
1299 2666 1358 2693 aut
1385 2659 1443 2692 ille
1471 2658 1546 2701 ipse
1572 2656 1678 2700 <quod

183 2715 270 2751 mihi
295 2715 438 2760 quidem
460 2716 577 2752 minus
602 2717 785 2762 probabile
803 2717 965 2762 videtur),
992 2723 1031 2752 ut
1055 2728 1124 2753 uno
1150 2717 1343 2761 eodemque
1362 2722 1518 2760 tempore
1545 2721 1578 2748 ot
1604 2714 1677 2759 opi-

183 2772 313 2808 meleta
336 2778 373 2808 et
396 2774 688 2819 gymnasiarchus
712 2774 829 2810 fuerit.
