1957 3293
879 259 1185 300 -132-

288 385 352 432 qui
383 395 506 431 neque
534 387 758 431 quaestores
787 395 909 431 neque
935 383 1129 431 hieropoei
1159 395 1325 432 unquam
1353 383 1518 432 fuerunt,
1547 385 1660 423 etiam
1687 383 1775 423 inde

290 447 473 494 explicari
514 450 658 494 potest,
699 445 801 494 quod
842 445 900 492 hi,
936 450 1068 494 utpote
1103 447 1240 494 quibus
1274 459 1494 495 magnarum
1529 447 1775 496 pecuniarum

289 508 568 547 administratio
597 509 797 546 commissa
826 512 938 555 esset,
966 513 1111 546 tantum
1133 521 1178 546 ex
1198 509 1413 547 hominibus
1441 509 1552 548 electi
1580 513 1669 547 sunt
1695 520 1777 548 cer·

290 575 367 608 tum
398 581 551 609 censum
581 569 882 618 possidentibus,
918 573 960 606 ut
987 570 1147 607 Athenis
1176 582 1326 618 quoque
1354 570 1495 609 factum
1525 583 1608 610 esse
1637 572 1777 610 scimus

294 634 331 670 in
362 632 511 682 ταμίαις
531 634 599 683 τῆς
619 631 727 679 θεοῦ,
755 645 838 671 cum
867 633 1061 670 archontis
1080 644 1215 670 munus
1244 633 1416 671 omnibus
1437 634 1581 672 civibus
1613 638 1776 682 pateret.

291 695 416 734 Unum
454 698 566 734 etiam
601 696 731 734 videor
766 697 1015 743 investigasse
1049 696 1140 733 mihi
1175 697 1431 734 testimonium
1466 695 1516 734 ad
1549 697 1776 735 sententiam

292 759 391 797 hanc
424 758 738 796 confirmandam:
783 769 1050 805 nonnunquam
1085 759 1124 795 in
1157 758 1280 795 titulis
1316 758 1455 806 legitur
1488 759 1526 796 in
1561 760 1776 807 quaestoris

288 826 355 860 aut
383 822 577 869 hieropoei
613 823 714 859 intra
747 822 913 858 muneris
941 825 1091 868 tempus
1125 822 1263 858 mortui
1291 821 1414 859 locum
1450 823 1679 861 successisse
1720 823 1780 861 vel

292 884 468 922 heredem
490 885 648 930 iiliusssss)
677 885 736 922 vel
761 896 965 932 puerorum
986 883 1215 929 tutorem,⁸⁹)
1247 884 1349 932 quod
1377 896 1446 932 per
1473 896 1513 923 se
1533 886 1657 933 ipsum
1686 887 1779 924 satis

290 948 425 985 mirum
456 952 532 994 est,
561 947 629 985 sed
656 947 766 985 facile
795 947 1046 993 intellegitur,
1075 948 1106 983 si
1134 947 1378 994 magistratus
1405 947 1474 986 hos
1502 947 1780 996 quodammodo

289 1011 436 1048 civitati
456 1011 732 1058 oppignerasse
762 1021 840 1047 rem
862 1021 966 1047 suam
988 1009 1210 1047 familiarem
1233 1010 1414 1047 sumimus
1442 1031 1491 1036 —
1519 1010 1674 1048 nolebat
1691 1010 1781 1048 civi-

290 1077 349 1111 tas
378 1074 514 1121 pignus
544 1073 748 1111 heredibus
777 1074 989 1118 remittere,
1024 1077 1228 1120 antequam
1257 1073 1441 1120 pecuniae
1475 1072 1653 1120 publicae
1680 1073 1779 1111 ratio

293 1134 447 1172 reddita
475 1140 588 1181 esset,
617 1146 740 1182 neque
769 1134 817 1172 ab
845 1134 921 1172 alio
949 1134 1029 1171 cive
1057 1134 1254 1181 postulare
1281 1138 1451 1182 poterat,
1487 1139 1530 1173 ut
1557 1135 1669 1174 simul
1695 1146 1780 1174 cum

292 1209 447 1235 munere
476 1198 624 1236 alienae
653 1198 816 1235 fortasse
837 1198 972 1245 culpae
1000 1209 1160 1245 poenam
1191 1199 1228 1235 in
1249 1209 1289 1235 se
1318 1199 1541 1246 susciperet.
1589 1197 1699 1245 Quod
1727 1198 1782 1236 ita

295 1261 326 1297 si
354 1260 436 1307 fuit,
464 1266 624 1308 apparet
646 1273 849 1308 pauperes,
878 1260 1016 1308 quibus
1036 1272 1097 1298 res
1117 1259 1314 1298 familiaris
1335 1261 1451 1308 nulla,
1478 1260 1624 1298 nullum
1644 1261 1782 1308 pignus

297 1329 409 1370 esset,
439 1328 684 1371 quaestorum
713 1328 750 1361 et
778 1323 1068 1371 hieropoeorum
1097 1335 1251 1361 munere
1279 1323 1454 1362 exclusos
1481 1322 1610 1362 fuisse.

399 1386 457 1424 De
477 1386 761 1434 magistratibus
780 1385 1002 1432 minoribus,
1029 1386 1217 1433 epistatis,
1237 1386 1395 1433 logistis,
1415 1387 1668 1435 agoranomis,
1688 1386 1783 1424 certi

294 1449 388 1486 nihil
417 1449 491 1487 dici
518 1454 662 1497 potest,
699 1450 766 1487 sed
794 1450 911 1487 multo
941 1449 1181 1486 verisimilius
1219 1454 1276 1487 est
1304 1449 1445 1488 electos
1473 1461 1538 1488 eos
1565 1461 1669 1497 esse,
1705 1460 1784 1487 non

295 1518 399 1551 sorte
428 1518 595 1560 creatos,
630 1513 922 1560 notionibusque
952 1513 1091 1550 nostris
1120 1512 1166 1550 de
1195 1513 1378 1550 institutis
1407 1512 1640 1551 Graecorum
1667 1512 1781 1560 plane

297 1576 585 1622 adversaretur,
623 1577 653 1613 si
690 1587 809 1624 parva
841 1576 936 1614 haec
962 1587 1121 1613 munera
1148 1576 1301 1622 sortito,
1331 1576 1477 1614 maiora
1502 1576 1569 1614 illa
1595 1575 1784 1623 suffragiis

298 1639 427 1677 delata
455 1644 592 1677 essent.
639 1639 764 1677 Unum
793 1644 916 1676 restat
943 1639 1043 1687 quod
1072 1650 1226 1676 monere
1255 1639 1383 1676 velim:
1413 1643 1575 1687 apparet
1601 1639 1784 1676 usitatum

297 1701 413 1740 fuisse
442 1704 479 1740 in
508 1703 662 1740 civitate
691 1702 838 1740 deliaca
866 1706 1008 1739 certum
1037 1701 1220 1739 honorum
1248 1712 1419 1747 cursum,
1447 1701 1663 1740 liberiorem
1692 1712 1783 1739 sane

298 1777 422 1813 neque
438 1771 513 1804 tam
531 1777 663 1804 severa
678 1767 758 1814 lege
776 1766 1101 1814 circumscriptum
1117 1777 1230 1813 quam
1239 1765 1394 1811 Romae,
1411 1764 1477 1802 sed
1492 1765 1644 1812 saepius
1657 1767 1785 1802 tamen

298 1833 499 1874 servatum,
529 1839 640 1876 quam
669 1832 752 1866 uta
771 1840 861 1866 casu
890 1829 1012 1876 repeti
1039 1829 1173 1875 possit.
1220 1827 1272 1865 Et
1290 1828 1453 1875 primum
1481 1826 1633 1875 quidem
1653 1825 1782 1864 viden-

297 1896 360 1928 tur
390 1892 543 1928 iuvenes
572 1890 719 1928 nobiles
748 1891 962 1938 trittyarchi
991 1902 1126 1928 munus
1154 1890 1347 1938 petivisse,
1376 1889 1512 1928 deinde
1540 1888 1589 1928 ad
1616 1889 1781 1927 minores

298 1953 529 2001 reipublicae
567 1954 811 2001 magistratus
847 1954 1074 2000 accessisse,
1116 1954 1323 2001 epistatae,
1359 1952 1597 2001 agoranomi‚
1631 1951 1780 1990 scribae

297 2016 587 2063 hieropoeorum
616 2016 840 2064 scribaeque
861 2016 926 2066 τῆς
946 2014 1108 2062 πόλεως,
1137 2027 1247 2063 quem
1267 2016 1368 2054 inter
1394 2015 1463 2054 hos
1482 2015 1646 2054 maxima
1664 2014 1782 2062 digni·

298 2083 376 2117 tate
404 2078 520 2116 fuisse
555 2084 735 2127 apparet,
770 2083 905 2126 postea
932 2079 1005 2116 iam
1042 2079 1257 2126 quaestoris
1292 2082 1330 2116 et
1355 2078 1488 2126 paucis
1522 2077 1632 2116 annis
1666 2077 1785 2116 inter-

299 2142 432 2189 positis
474 2141 667 2189 hieropoei
703 2154 838 2179 munus
873 2142 1055 2188 ambisse,
1097 2145 1288 2189 postremo
1326 2141 1375 2180 ad
1411 2152 1595 2179 summum
1630 2139 1786 2178 honoris

300 2204 457 2251 gradum
487 2205 703 2243 escendisse
732 2205 938 2243 archontis.
995 2205 1062 2242 Eis
1090 2208 1217 2242 autem
1245 2204 1368 2246 annis.
1397 2204 1461 2252 qui
1489 2204 1589 2242 inter
1615 2202 1784 2252 singulos

300 2268 544 2314 magistratus
572 2272 700 2314 gestos
729 2267 1037 2313 intercedebant,
1067 2270 1283 2305 senatorum
1311 2270 1415 2304 certe
1443 2264 1664 2304 muneribus
1692 2268 1782 2302 sunt

300 2330 437 2375 functi,
467 2329 627 2368 forsitan
656 2331 741 2378 plus
771 2343 882 2379 quam
912 2331 1047 2377 semel,
1077 2331 1135 2368 vel
1163 2331 1201 2367 in
1229 2329 1343 2368 rebus
1372 2327 1688 2367 extraordinariis
1722 2326 1788 2366 ad-

301 2392 579 2439 ministrandis,
607 2394 654 2431 de
683 2394 821 2441 quibus
849 2392 949 2432 infra
976 2393 1093 2431 verba
1120 2392 1274 2439 faciam,
1304 2390 1429 2430 officia
1455 2401 1526 2430 sua
1551 2389 1785 2438 reipublicae

391 2546 438 2587 ⁸⁸)
464 2545 511 2581 Ut
537 2545 734 2589 exemplum
761 2546 923 2589 afferam,
956 2546 1096 2581 Demar.
1122 2545 1217 2580 arch.
1244 2544 1311 2579 inV.
1339 2543 1399 2578 lin.
1421 2546 1501 2579 135:
1539 2542 1634 2587 παρὰ
1658 2541 1788 2583 ταμίου

304 2601 489 2641 Φωκίωνος
513 2604 570 2635 καὶ
594 2605 657 2635 τοῦ
683 2603 904 2648 κληρονόμου
930 2605 992 2636 τοῦ
1020 2600 1249 2644 ΙΙολυβούλοο
1275 2599 1539 2645 Παρμενίωνος.

393 2660 439 2701 ⁸⁹)
463 2659 532 2694 (Τι’.
560 2659 700 2693 Demar.
726 2659 822 2694 arch.
842 2659 908 2694 inv.
936 2660 995 2694 lin,
1018 2663 1094 2694 113:
1128 2659 1226 2703 παρὰ
1252 2661 1383 2700 ταμιῶν
1411 2655 1618 2692 ΙΙοσειδίκου
1643 2656 1701 2690 καὶ
1725 2658 1788 2691 τοῦ

304 2717 497 2761 ἐπιτρόπου
524 2719 598 2749 τῶν
626 2717 772 2749 παιδίων
799 2719 870 2748 τῶν
898 2714 1128 2761 Μνησιμάχου
1156 2715 1292 2754 θὶνέως.
