1979 3326
765 308 1048 349 -75-

154 433 305 473 nondae
333 433 582 482 expeditione
613 434 805 472 maritima
830 433 940 471 multi
973 432 1024 471 ad
1052 432 1259 471 Thebanos
1294 431 1520 470 deficerent:
1556 430 1660 480 quod

154 497 294 535 scimus
322 496 467 535 factum
495 497 535 534 in
565 496 643 535 Ceo
671 498 798 535 insula
824 497 898 535 hoc
924 497 1028 545 ipso,
1063 507 1139 544 quo
1166 496 1302 533 titulus
1330 499 1463 533 noster
1491 495 1660 543 scriptus

161 563 235 607 est,
262 570 375 606 anno,
403 559 470 597 ubi
499 559 632 597 Iulidis
661 560 795 598 civitas
824 560 1082 598 dominatione
1102 558 1396 596 Atheniensium
1423 558 1482 596 bis
1502 570 1542 596 se
1568 557 1662 596 libe-

154 633 243 660 rare
271 626 412 660 conata
442 626 501 660 est
527 624 660 661 amicis
689 634 820 661 eorum
848 623 908 660 vel
935 623 1058 670 pulsis
1087 622 1147 660 vel
1174 622 1301 670 capite
1330 620 1591 667 damnatis.⁷⁶)

254 685 391 733 Neque
418 684 508 723 Deli
535 684 716 732 defuisse,
748 686 812 733 qui
841 696 926 722 cum
949 685 1243 723 Atheniensium
1269 683 1449 732 partibus
1470 683 1658 729 faverent,

151 746 407 795 popularibus
436 746 524 785 odio
554 750 694 794 essent,
723 747 942 785 testimonio
971 746 1083 784 nobis
1112 751 1171 784 est
1199 746 1396 785 decretum
1415 747 1456 784 in
1474 746 1659 784 honorem

151 808 364 858 Pythodori
392 810 581 858 Heraippi
615 809 642 848 f.
670 810 774 848 Delii
810 822 834 848 a
867 810 1011 858 populo
1047 810 1342 848 Atheniensium
1377 809 1520 848 factum
1558 820 1659 848 anno

150 872 359 921 Lysistrati
386 873 584 911 archontis
612 872 690 919 (Ol.
715 878 800 920 102,
829 879 854 910 4
882 885 924 900 =
954 877 1127 920 369168),
1165 872 1304 911 deinde
1333 885 1401 911 sex
1429 874 1539 911 annis
1567 876 1658 920 post

151 934 368 973 Chariclide
388 934 571 973 archonte
592 934 667 980 (Ol.
691 940 772 982 105,
795 940 816 973 2
837 949 878 964 =
900 938 1061 981 363s62)
1087 934 1362 984 amplificatum
1380 935 1518 973 iisdem
1537 935 1655 973 hono-

149 997 258 1036 ribus
285 998 326 1035 in
353 998 498 1036 sororis
523 996 642 1035 filium
670 999 812 1046 (ipsum
831 998 939 1035 illum
958 997 1047 1036 inde
1068 1003 1177 1046 patet
1195 998 1340 1036 liberos
1360 1010 1436 1036 non
1456 998 1655 1043 habuisse)

151 1060 314 1106 collatis,
325 1058 375 1107 ⁷⁷)
403 1063 445 1097 ut
471 1059 626 1107 publice
652 1059 879 1098 laudaretur
904 1064 1020 1108 atque
1048 1061 1211 1108 proxeni
1231 1064 1269 1097 et
1288 1058 1500 1109 εὐεργέτου
1520 1061 1657 1108 populi

151 1122 446 1162 Atheniensium
473 1124 628 1161 nomine
657 1128 880 1169 ornaretur;
910 1124 1048 1172 quibus
1074 1124 1286 1162 honoribus
1306 1125 1568 1162 usitatissimis
1589 1124 1657 1162 ad-

149 1186 272 1225 ditum
301 1190 371 1234 est,
399 1190 444 1225 ut
469 1198 555 1225 cum
583 1191 741 1225 senatus
770 1192 809 1225 et
836 1192 1050 1235 praetores,
1078 1192 1158 1225 tum
1178 1187 1471 1236 amphictyones
1499 1199 1657 1235 operam

149 1249 298 1295 darent,
328 1261 376 1288 110
407 1261 483 1298 qua
510 1249 559 1288 ab
586 1250 751 1287 inimicis
779 1251 919 1288 iniuria
947 1249 1178 1288 afficeretur.
1192 1250 1240 1296 ⁷⁸)

257 1313 385 1360 Quare
414 1324 499 1350 cum
528 1324 548 1350 e
576 1312 689 1350 titulo
708 1312 783 1350 hoc
803 1317 992 1360 appareat
1012 1313 1152 1351 multos
1173 1313 1261 1351 Deli
1280 1313 1411 1359 fuisse,
1441 1314 1507 1361 qui
1527 1314 1656 1352 animo

151 1375 294 1415 infesto
322 1387 399 1414 non
427 1376 550 1414 solum
569 1375 839 1419 Athenienses.
870 1375 938 1412 sed
965 1376 1079 1413 etiam
1107 1387 1238 1413 eorum
1258 1375 1430 1414 fautores
1450 1388 1657 1424 perseque-

239 1511 285 1553 ῖσ)
309 1510 481 1546 Mittheil.
507 1511 541 1545 d.
568 1511 729 1547 deutsch.
757 1513 853 1547 arch.
880 1513 994 1548 Instit.
1021 1513 1067 1558 H,
1093 1525 1126 1558 p.
1149 1516 1228 1548 142:
1262 1524 1342 1548 cum
1365 1513 1538 1548 Koehleri
1562 1523 1655 1548 com-

147 1568 333 1603 mentario.
473 1569 519 1611 77)
543 1568 637 1603 Β1111.
663 1569 696 1604 (1.
724 1570 821 1605 Corr.
847 1570 940 1605 Hell.
967 1571 1031 1614 111,
1057 1582 1090 1615 p.
1110 1573 1186 1605 473.

239 1625 284 1670 78)
309 1625 391 1660 Non
417 1625 511 1661 enim
528 1637 674 1670 possum
691 1628 860 1662 assentiri
879 1628 919 1663 G.
934 1628 1160 1663 Loeschckio
1179 1628 1254 1662 viro
1272 1628 1477 1663 doctissimo
1498 1629 1657 1673 mihique

147 1683 344 1727 carissimo,
369 1683 406 1718 in
431 1683 683 1720 dissertatione
709 1685 752 1720 (10
771 1685 923 1721 Phidiae
949 1693 1061 1721 morte
1088 1686 1223 1730 scripta
1249 1686 1423 1721 iudicanti
1442 1686 1531 1720 haec
1550 1686 1658 1721 verba

145 1740 237 1776 nihil
261 1739 360 1775 aliud
384 1746 547 1785 spectare
573 1742 645 1777 nisi
669 1743 840 1778 maiorem
867 1744 944 1778 eius
970 1743 1151 1788 honorem,
1179 1743 1236 1778 0111
1254 1744 1409 1788 populus
1428 1743 1517 1778 illud
1535 1744 1656 1779 decre-

147 1798 267 1834 visset„
308 1797 401 1833 Nam
426 1798 630 1843 ubicunque
657 1806 866 1845 occurrunt,
893 1801 1093 1845 periculum
1118 1801 1270 1845 homini,
1296 1801 1398 1835 011105
1423 1801 1520 1836 salus
1545 1801 1657 1845 magi-

147 1856 321 1892 stratibus
346 1856 616 1892 commendatur
631 1857 819 1892 imminens
837 1857 1000 1901 indicari,
1026 1858 1055 1892 si
1074 1868 1143 1892 non
1162 1864 1259 1893 certe
1277 1858 1521 1893 demonstrare
1548 1858 1656 1903 (quod

146 1913 184 1948 111
206 1913 412 1949 hominibus
436 1924 583 1958 prorsus
608 1914 740 1958 ignotis
766 1925 869 1949 nemo
896 1915 1078 1959 postulare
1112 1917 1260 1959 potest),
1295 1920 1332 1949 at
1364 1915 1541 1960 probabili
1574 1926 1656 1950 con-

146 1971 262 2006 iectur
279 1970 447 2015 aassequi
465 1981 665 2016 possumus.
708 1971 757 2007 Ut
775 1971 976 2016 exemplum
995 1972 1152 2015 afferam,
1178 1971 1369 2007 Menonem
1388 1972 1499 2015 illum,
1525 1972 1568 2007 de
1586 1982 1656 2016 quo

143 2027 390 2064 Loeschckius
414 2027 493 2072 ipso
519 2027 587 2063 hoc
612 2029 688 2063 loco
716 2029 823 2063 verba
849 2028 950 2073 fecit,
985 2040 1055 2063 non
1081 2029 1198 2072 cred0,
1225 2041 1305 2064 01101
1331 2029 1497 2064 Phidiam
1524 2029 1656 2073 ιλυπῆς

146 2085 332 2130 δημοσίων
354 2086 556 2131 χρημάτων
583 2085 781 2129 incusaret,
814 2096 939 2120 revera
965 2086 1151 2130 metuisse,
1178 2097 1220 2121 ne
1247 2086 1332 2129 quid
1358 2087 1442 2121 mali
1468 2097 1489 2120 a
1515 2086 1654 2122 Pericle

146 2145 349 2186 pateretur,
383 2140 446 2176 sed
471 2141 567 2175 hunc
591 2146 724 2176 metum
750 2151 831 2175 eum
857 2141 1043 2176 simulasse
1070 2141 1152 2177 inde
1180 2148 1295 2186 patet,
1330 2143 1425 2187 quod
1459 2151 1655 2187 antequam

143 2198 297 2243 μήνυσιν
322 2197 468 2242 faceret,
493 2197 539 2232 ad
565 2208 781 2233 summorum
799 2197 946 2232 deorum
965 2209 1063 2232 aram
1082 2199 1235 2243 supplex
1253 2200 1430 2236 consedit:
1457 2212 1573 2245 neque
1592 2213 1655 2236 cur

145 2255 214 2291 hoc
237 2255 380 2300 fecerit,
411 2257 518 2291 latet:
552 2255 722 2290 invidiam
748 2255 841 2290 enim
866 2255 997 2290 Pericli
1025 2256 1181 2291 conflare
1208 2256 1402 2292 studebant
1428 2258 1505 2293 eius
1531 2259 1654 2294 adver·

145 2312 249 2357 sarii,
280 2323 360 2348 eum
385 2313 542 2358 speciem
567 2323 653 2358 prae
680 2324 717 2348 se
742 2312 878 2348 ferrent
902 2313 973 2347 iam
999 2314 1035 2347 in
1061 2314 1247 2358 republica
1271 2315 1485 2350 Atheniensi
1518 2322 1653 2350 tantam

145 2379 224 2404 esse
249 2369 316 2404 viri
341 2370 611 2414 auctoritatem,
645 2376 684 2405 ut
708 2381 752 2404 ne
778 2369 911 2404 amicos
945 2369 1089 2413 quidem
1115 2370 1192 2405 eius
1226 2371 1303 2406 sine
1336 2373 1496 2417 periculo
1529 2374 1564 2408 in
1598 2374 1654 2408 ius

144 2435 271 2461 vocare
295 2425 431 2462 liceret.
485 2427 606 2471 Atque
632 2427 668 2461 in
694 2426 838 2462 decreto
865 2434 986 2462 nostro
1020 2428 1049 2462 si
1083 2428 1228 2462 honoris
1260 2431 1505 2466 tantummodo
1537 2432 1654 2475 gratia

144 2488 242 2519 esset
263 2483 417 2518 formula
440 2484 505 2519 illa
529 2483 663 2528 addita,
688 2483 788 2518 nulla
813 2491 909 2518 esset
934 2495 1060 2528 causa,
1094 2496 1157 2520 cur
1189 2492 1333 2530 praeter
1365 2496 1527 2522 senatum
1560 2499 1651 2522 sum-

143 2549 291 2584 mosque
323 2541 544 2586 reipublicae
577 2541 810 2585 magistratus
847 2541 1158 2587 amphictyonibus
1197 2554 1339 2587 quoque
1374 2544 1570 2589 Pythodori
1608 2545 1653 2579 ab

144 2597 279 2632 iniuria
301 2597 427 2633 tuendi
451 2608 539 2634 cura
563 2598 811 2633 mandaretur:
845 2598 939 2642 quod
965 2605 1001 2634 et
1026 2600 1254 2635 utilissimum
1281 2607 1315 2639 et
1346 2602 1499 2636 maxime
1531 2613 1653 2638 neces-

145 2654 279 2690 sarium
303 2659 383 2690 erat
406 2655 565 2700 periculo
590 2656 624 2691 ei
647 2667 773 2691 revera
800 2666 821 2690 a
852 2657 1087 2701 popularibus
1120 2658 1345 2702 imminente,
1377 2660 1546 2703 quoniam
1572 2660 1655 2695 Deli

143 2710 324 2746 habitanti
348 2717 534 2756 praetores
559 2713 661 2748 attici
686 2723 800 2757 paene
826 2713 916 2748 nihil
941 2715 1130 2760 prodesse,
1159 2715 1431 2761 amphictyones
1457 2726 1551 2761 vero,
1582 2717 1653 2752 De-

144 2766 219 2809 lum
241 2767 353 2813 missi,
376 2768 531 2804 maximo
557 2769 638 2804 usui
663 2779 742 2804 esse
768 2775 943 2815 poterant.
