1957 3326
924 290 1205 331 ..66-

420 418 546 466 Atque
575 417 690 455 etiam
720 415 766 454 de
794 415 1005 462 damnatis,
1042 425 1203 463 quorum
1231 414 1386 452 nomina
1412 416 1567 452 exstant
1592 413 1817 462 perscripta

317 482 355 519 in
391 480 520 528 lapide
556 490 633 517 una
667 489 751 516 cum
786 478 907 516 multa
944 477 1103 525 singulis
1145 477 1334 524 irrogata,
1376 476 1488 514 aliter
1529 476 1654 514 sentio
1695 479 1814 524 atque

317 543 503 591 plerique.
569 541 771 579 Affirmant
799 542 895 579 enim
926 542 997 578 viri
1026 540 1128 578 docti
1158 551 1241 578 esse
1270 539 1370 577 hunc
1397 538 1562 577 indicem
1597 538 1814 578 debitorum

317 606 379 643 dei
408 617 453 643 ea
481 605 563 652 lege
592 605 730 642 litteris
758 605 992 649 mandatum,
1021 606 1064 640 ut
1091 602 1212 640 multa
1240 602 1366 640 soluta
1387 601 1642 640 eraderentur
1661 602 1816 640 nomina

318 690 367 696 -
395 672 433 706 et
460 679 576 705 unum
605 671 709 705 certe
738 678 888 704 erasum
919 671 987 704 est.
1044 666 1130 704 Scio
1160 664 1334 712 equidem
1362 663 1435 702 hoc
1455 675 1527 702 usu
1547 664 1720 711 venisse3
1748 663 1817 702 sed

319 730 411 779 quid
439 731 541 768 inter
568 730 654 767 illas
683 729 898 767 debitorum
928 729 1080 767 tabulas
1109 729 1337 776 titulumque
1374 730 1547 765 nostrum
1581 726 1815 765 discriminis

318 793 550 838 intercedat,
585 792 847 829 demonstrare
877 792 962 829 volo
1000 791 1117 829 allato
1154 801 1229 828 uno
1264 790 1438 837 exemplo
1474 801 1494 827 e
1528 789 1678 837 multis,
1713 789 1817 838 quod

318 856 408 893 mihi
437 857 602 903 primum
631 856 669 892 in
700 860 862 892 mentem
891 855 1006 892 venit.
1064 853 1107 890 In
1132 853 1215 900 lege
1241 852 1308 890 illa
1328 852 1375 889 de
1396 851 1513 890 Codri
1533 850 1683 901 τεμένει
1703 851 1818 890 collo·

320 918 442 956 cando
472 919 553 956 lata
583 917 678 954 haec
713 915 940 962 exstant:⁴⁶)
985 915 1006 951 ὁ
1043 913 1087 952 δὲ
1112 912 1298 962 βασιλεὺς
1334 911 1580 963 ἐξαλειφάτω
1613 912 1680 951 τὸν
1713 913 1819 965 πριά-

314 994 430 1030 μενον
460 979 523 1030 τὴν
553 978 640 1026 ἰλύν,
669 977 824 1016 ἐπειδὰν
852 976 985 1028 ἀποδῷ
1009 975 1081 1027 τὴμ
1104 974 1317 1026 μίσθωσιν,
1356 976 1424 1014 sed
1451 977 1605 1015 minime
1633 980 1692 1015 est
1719 987 1816 1025 opus

321 1044 586 1082 demonstrare
616 1043 798 1090 emptoris
827 1052 964 1079 nomen
989 1041 1115 1088 pretio
1143 1040 1341 1087 persoluto
1369 1040 1408 1076 in
1427 1038 1644 1078 debitorum
1664 1038 1819 1088 quidem

320 1106 453 1144 tabula
481 1117 652 1152 erasum,
690 1107 728 1142 in
757 1105 1024 1153 apodictarum
1052 1103 1267 1142 rationibus
1296 1114 1380 1140 esse
1414 1103 1670 1151 perscriptum
1706 1102 1819 1141 simul

320 1180 404 1207 cum
441 1169 627 1216 pecuniae
665 1178 830 1213 summa,
873 1177 985 1214 quam
1022 1164 1282 1213 pependisset.
1355 1163 1486 1213 Longe
1523 1165 1637 1204 aliter
1676 1176 1739 1204 res
1777 1176 1819 1204 se

320 1232 436 1270 habet
470 1232 506 1268 in
543 1235 674 1268 nostro
712 1230 841 1277 titulo,
880 1230 1022 1277 quippe
1056 1229 1095 1266 iu
1132 1238 1207 1276 quo
1243 1238 1320 1265 non
1355 1227 1477 1265 solum
1513 1231 1667 1266 exstent
1699 1228 1821 1267 incisa

321 1294 536 1332 debitorum
562 1294 727 1339 nomina,
757 1291 825 1330 sed
851 1293 966 1329 etiam
993 1291 1240 1338 pecuniarum
1266 1293 1511 1337 acceptarum
1536 1291 1706 1329 rationes
1732 1290 1818 1329 red-

322 1357 480 1404 dantur,
516 1361 575 1403 ut,
613 1367 711 1404 quae
740 1356 777 1392 in
807 1355 1022 1392 debitorum
1050 1354 1184 1392 tabula
1218 1352 1489 1401 eraderentur,
1525 1354 1627 1392 inter
1659 1358 1821 1402 accepta

322 1419 465 1458 fuerint
509 1419 729 1458 referenda:
780 1417 935 1455 ubinam
985 1420 1074 1454 sunt
1115 1415 1246 1454 decem
1287 1416 1394 1453 milia
1433 1415 1701 1454 drachmarum
1741 1416 1820 1463 illa,

322 1494 420 1530 quae
455 1482 566 1520 homo
595 1482 814 1526 damnatus,
852 1481 959 1517 cuius
995 1490 1130 1517 nomen
1165 1489 1315 1516 erasum
1351 1482 1427 1525 est,
1461 1479 1692 1526 pependisse
1726 1478 1822 1518 dici-

322 1544 412 1583 tur?
474 1545 516 1582 In
545 1545 757 1583 rationibus
792 1547 895 1581 certe
931 1555 1055 1590 neque
1091 1543 1203 1591 primi
1237 1542 1394 1580 triennii
1428 1544 1520 1589 (quo
1555 1545 1728 1590 tempore
1762 1545 1822 1580 est

326 1607 545 1653 damnatus)
580 1619 702 1655 neque
733 1608 859 1653 quarti
889 1607 978 1644 anni
1008 1607 1125 1643 ullum
1154 1609 1285 1643 tantae
1313 1606 1500 1653 pecuniae
1528 1606 1730 1653 vestigium
1766 1605 1824 1643 in-

324 1673 485 1709 venitur.
533 1671 715 1708 Forsitan
745 1670 934 1717 quispiam
964 1668 1098 1706 credat
1125 1668 1314 1706 hominem
1341 1668 1446 1705 illum
1473 1669 1642 1715 ignotum
1662 1668 1822 1706 solvisse

323 1734 465 1780 debita,
494 1738 697 1781 postquam
727 1734 933 1779 insequens
962 1733 1036 1769 iam
1063 1731 1373 1779 amphictyonum
1398 1731 1598 1779 collegium
1621 1732 1823 1780 magistra-

324 1801 403 1834 tum
440 1798 592 1842 inisset,
630 1796 909 1844 pecuniamque
947 1795 995 1833 ab
1033 1807 1077 1834 eo
1112 1806 1340 1843 perpensam
1379 1794 1576 1832 exstitisse
1609 1795 1649 1832 in
1687 1794 1823 1833 horum

323 1859 539 1898 rationibus
566 1858 797 1906 deperditis3
827 1864 866 1897 at
885 1859 1091 1897 verisimile
1117 1870 1193 1897 non
1220 1862 1278 1896 est
1303 1869 1350 1896 ex
1376 1861 1462 1896 octo
1483 1857 1700 1896 homiuibus
1720 1856 1825 1896 dam-

325 1922 424 1959 natis
454 1932 569 1958 unum
598 1921 756 1958 multam
785 1921 1035 1968 persolvisse,
1066 1924 1211 1969 septem
1241 1932 1287 1958 ne
1316 1919 1536 1958 drachmam
1564 1919 1732 1969 quidem,
1759 1931 1825 1958 ne-

326 1996 398 2033 que
428 1984 548 2031 magis
578 1983 777 2031 probabile
808 1987 865 2021 est
894 1985 1068 2022 civitates
1096 1984 1182 2022 illas
1211 1983 1344 2021 eodem
1370 1984 1408 2021 in
1433 1983 1546 2022 titulo
1565 1986 1609 2021 ut
1627 1982 1824 2022 debitores

325 2051 640 2085 commemoratas
670 2058 862 2094 nunquam
893 2057 983 2084 aere
1012 2047 1138 2084 alieno
1168 2050 1366 2084 contracto
1395 2046 1603 2094 usurisque
1623 2045 1764 2084 debitis
1783 2057 1825 2085 se

324 2110 528 2147 liberasse:
565 2120 640 2156 quo
670 2107 770 2146 facto
809 2120 964 2147 necesse
999 2109 1135 2147 fuisset
1169 2109 1300 2147 eodem
1338 2108 1450 2147 modo
1485 2109 1634 2148 illarum
1671 2120 1824 2158 quoque

325 2173 479 2210 nomina
506 2172 612 2209 eradi
640 2183 662 2209 a
688 2172 974 2219 magistratibus
1001 2173 1141 2219 atticis,
1167 2173 1232 2220 qui
1258 2172 1442 2220 pecunias
1462 2171 1634 2210 redditas
1653 2172 1823 2220 accepis·

328 2239 423 2273 sent.
487 2234 682 2282 Denique,
719 2234 820 2282 quod
850 2236 1003 2272 maximi
1032 2235 1123 2272 mihi
1151 2234 1303 2272 videtur
1331 2235 1530 2282 momenti,
1564 2234 1714 2283 vulgari
1741 2245 1827 2273 sen-

326 2298 468 2336 tentiae
498 2297 766 2343 adversantur,
796 2309 894 2344 quae
921 2298 1009 2335 huic
1034 2298 1137 2345 parti
1162 2297 1263 2335 tituli
1289 2299 1504 2345 praemissa
1522 2302 1612 2336 sunt
1631 2295 1826 2343 verbaz⁴⁷)

328 2358 410 2396 οἵδε
440 2356 569 2408 ὦφλον
597 2358 740 2407 Δηλίων
770 2358 957 2408 ἀσεβείας
986 2385 1147 2396 .......
1165 2359 1304 2410 τιμημα
1333 2358 1377 2396 τὸ
1404 2357 1727 2411 ἐπιγεγραμμένον
1760 2358 1827 2397 καὶ

327 2421 524 2472 ἀειφυγία,
561 2420 619 2458 ὅτι
648 2421 711 2457 καὶ
740 2418 785 2458 ἐκ
816 2422 886 2458 τοῦ
918 2422 1024 2472 ἱεροῦ
1060 2419 1149 2472 ἦγον
1183 2420 1275 2465 τοὺς
1308 2421 1579 2472 ἀμφικτὺονας
1611 2421 1677 2461 καὶ
1712 2418 1826 2461 ἔτυπ·

328 2498 401 2522 τον.
458 2484 604 2531 Quibus
634 2485 725 2532 quid
754 2485 1043 2533 amphictyones
1071 2485 1241 2524 facturos
1269 2484 1388 2524 fuisse
1415 2489 1543 2534 putas,
1571 2487 1602 2524 si
1631 2485 1680 2525 ab
1708 2486 1827 2525 omni·

328 2547 399 2586 bus
435 2547 555 2584 multa
589 2558 782 2595 perpensa
816 2549 982 2585 omnium
1016 2548 1169 2586 nomina
1204 2558 1316 2587 erasa
1349 2551 1479 2587 essent
1521 2547 1643 2597 (quod
1675 2548 1716 2586 in
1749 2559 1826 2587 uno

418 2684 463 2728 4⁶)
489 2683 526 2718 C.
541 2683 625 2718 LA.
651 2682 711 2717 IV.
737 2685 768 2718 2.
794 2685 881 2718 53a.
913 2682 973 2717 lin.
992 2685 1153 2720 22—23.
1359 2683 1405 2730 ⁴⁶¹)
1429 2682 1479 2719 M.
1506 2681 1645 2720 Sandw.
1676 2693 1711 2729 p.
1735 2686 1827 2730 post.

327 2741 388 2778 lin.
406 2745 451 2777 24
464 2753 540 2787 sqq.
