1957 3293
822 281 1133 322 —124—

233 406 569 451 adnumeraretur,
606 409 649 442 ut
683 403 722 441 οἱ
754 402 895 442 ἕνδεκα
929 403 1061 442 decem
1098 407 1188 441 sunt
1216 403 1463 450 magistratus
1491 413 1578 441 cum
1606 402 1736 442 scriba

235 480 321 505 nno.
378 468 481 506 Idem
516 469 553 506 in
589 469 754 506 civitatis
794 467 957 505 scribam
993 465 1114 504 cadit:
1149 465 1427 513 Apollodorum
1461 465 1635 514 quidem,
1669 466 1736 514 qui

235 532 391 569 Sotione
431 531 615 569 archonte
645 535 694 573 (a.
725 534 815 575 208)
846 529 919 567 hoc
948 540 1104 566 munere
1133 532 1192 566 est
1219 527 1393 572 functus.
1423 526 1586 566 eundem
1613 526 1733 567 fuisse

236 594 443 631 verisimile
465 598 523 631 est
549 598 664 641 atque
685 591 890 630 Mantithei
916 590 1033 628 filium
1063 590 1211 629 duobus
1240 594 1328 638 post
1355 591 1465 629 annis
1493 594 1737 639 quaestorem

236 655 397 702 factum,
433 655 570 693 deinde
599 655 772 703 Diogene
802 654 987 692 archonte
1017 657 1066 699 (a.
1101 656 1188 697 197)
1218 653 1416 701 hieropoei
1443 664 1602 692 munere
1629 653 1736 690 funo-

235 724 334 765 tum,
369 719 586 766 insequenti
616 728 715 755 anno
751 717 973 755 archontem
1007 716 1120 754 etiam
1158 720 1346 762 creatum,
1384 719 1501 764 atque
1529 715 1735 755 Posidicus

236 780 376 818 Sotelis
405 779 443 826 f.‚
473 781 537 828 qui
558 780 723 818 Demare
754 779 951 825 archonte,
979 779 1246 817 Telemnestus
1267 778 1447 825 Antigoni
1475 777 1514 825 f.‚
1543 779 1610 827 qui
1636 789 1737 817 anno

236 848 321 890 post
359 843 510 881 scribae
545 844 710 880 cixitatis
746 841 920 888 fuerunt,
957 842 1129 889 quamvis
1164 842 1202 878 iu
1237 840 1531 888 hieropoeorum
1560 843 1738 890 quaesto-

237 917 396 953 rumque
416 905 538 952 fastis,
561 909 732 943 extremo
753 905 825 943 hoc
846 903 1084 951 reipublicae
1105 903 1250 941 liberae
1269 907 1442 950 tempore
1463 903 1557 941 satis
1576 903 1734 950 mutilis,

238 980 369 1006 eorum
391 968 546 1006 nomina
566 978 641 1004 non
661 969 878 1011 occurrant,
906 965 1060 1003 dubium
1082 976 1157 1003 non
1187 968 1257 1011 est,
1286 966 1378 1012 quin
1405 964 1560 1004 familiis
1587 965 1738 1004 duabus

239 1030 488 1069 nobilissimis
525 1029 804 1067 adnumerandi
839 1029 935 1075 sint,
971 1039 1247 1076 saepenumero
1282 1028 1439 1066 summis
1473 1027 1683 1067 honoribus
1715 1038 1740 1066 a

238 1093 383 1141 populo
405 1093 600 1131 Deliorum
623 1094 788 1138 ornatis;
813 1091 913 1129 idem
934 1103 1018 1130 cum
1048 1092 1191 1129 maiore
1221 1092 1335 1129 etiam
1362 1091 1636 1139 probabilitate
1663 1090 1740 1128 dici

238 1160 369 1203 potest
398 1154 445 1192 de
474 1154 728 1192 Parmenione
758 1153 936 1201 Polybuli
965 1152 988 1190 f.
1019 1157 1057 1191 et
1085 1152 1132 1191 de
1163 1152 1434 1191 Hierombroto
1461 1154 1577 1191 Amni
1604 1151 1643 1199 ἰ,
1672 1153 1740 1201 qui

237 1230 308 1266 per
337 1219 433 1256 duos
462 1229 585 1256 annos
613 1218 815 1255 continuos
835 1215 1013 1254 Charilae
1042 1215 1236 1254 archontis
1265 1220 1316 1260 (a.
1346 1220 1438 1261 220)
1467 1216 1626 1264 eiusque
1655 1225 1740 1254 suc-

238 1284 417 1329 cessoris,
450 1282 626 1330 quisquis
646 1279 729 1327 fuit,
759 1280 909 1318 scribae
930 1280 998 1329 τῆς
1017 1279 1168 1321 πόλεως
1188 1290 1343 1317 munere
1371 1282 1462 1316 sunt
1478 1277 1617 1317 functi:
1647 1289 1740 1326 quo·

239 1356 320 1383 rum
357 1346 395 1382 in
432 1343 585 1382 familiis
621 1344 731 1391 quasi
767 1343 1040 1381 hereditarium
1077 1341 1229 1380 videtur
1264 1341 1382 1380 fuisse
1419 1346 1666 1390 quaestorum
1702 1344 1741 1379 et

239 1408 532 1454 hieropoeorum
569 1395 718 1444 munus.
781 1406 897 1454 Apud
932 1406 1186 1443 Athenienses
1228 1405 1342 1442 etiam
1383 1405 1531 1453 primus
1572 1404 1740 1442 civitatis

240 1470 369 1508 scriba
405 1470 529 1513 (cuius
567 1480 703 1507 nomen
739 1481 815 1507 non
849 1481 1002 1517 semper
1035 1468 1134 1506 idem
1170 1470 1268 1514 erat)
1306 1468 1402 1506 satis
1430 1478 1567 1516 magno
1594 1466 1740 1506 honore

238 1538 274 1571 et
310 1533 539 1571 auctoritate
573 1543 666 1569 usus
703 1544 786 1570 esse
815 1531 966 1569 videtur
1007 1542 1236 1578 semperque
1273 1542 1293 1568 e
1332 1534 1554 1568 senatorum
1581 1540 1740 1567 numero

241 1596 466 1643 eligebatur.
522 1595 622 1632 Num
657 1595 729 1633 hoc
756 1594 854 1632 idem
884 1593 972 1631 Deli
1002 1592 1085 1631 fieri
1114 1593 1267 1631 solitum
1296 1593 1364 1639 sit,
1392 1597 1436 1631 ut
1463 1596 1620 1631 senator
1648 1592 1741 1630 scri-

239 1659 311 1697 bae
333 1670 490 1696 munere
511 1658 747 1705 fungeretur,
777 1669 901 1705 neque
930 1655 1123 1694 affirmare
1152 1667 1276 1703 neque
1304 1666 1446 1703 negare
1474 1654 1598 1694 audeo
1626 1653 1742 1693 docu-

240 1723 378 1759 mentis
398 1720 676 1759 deficientibus.
723 1719 798 1758 Sed
819 1724 994 1758 senatum
1022 1719 1187 1757 scribam
1215 1719 1414 1766 proprium
1443 1717 1624 1755 habuisse
1650 1715 1740 1754 inde

240 1787 414 1832 apparet,
445 1783 546 1830 quod
575 1783 692 1820 semel
721 1780 969 1832 γραμματεὺς
997 1782 1065 1831 τῆς
1089 1780 1235 1830 βουλῆς
1261 1779 1551 1828 appellatur.⁵⁸)
1606 1779 1681 1826 Qui
1708 1778 1741 1817 si

240 1859 315 1884 non
350 1846 450 1883 idem
486 1850 545 1883 est
572 1850 688 1892 atque
716 1845 883 1882 civitatis
913 1844 1056 1889 scriba,
1085 1843 1329 1881 verisimilius
1357 1846 1451 1890 puto
1479 1841 1582 1879 hunc
1608 1851 1685 1879 non
1714 1851 1739 1879 a

243 1912 391 1953 senatu,
421 1907 488 1945 sed
519 1916 541 1945 a
569 1907 712 1955 populo
744 1918 829 1944 esse
859 1910 1041 1952 creatum,
1070 1910 1186 1954 atque
1215 1905 1288 1943 hoc
1316 1903 1470 1953 quidem
1497 1907 1643 1942 certum
1670 1906 1741 1950 est,

243 1982 326 2009 cum
363 1983 433 2019 per
461 1975 583 2009 totum
611 1981 749 2009 annum
780 1971 818 2008 in
846 1981 1003 2008 munere
1031 1972 1277 2018 permaneret
1304 1964 1555 2017 γραμματεὺς
1582 1966 1651 2017 τῆς
1677 1964 1741 2002 πό·

247 2033 358 2079 λεως,
387 2045 462 2072 non
492 2045 512 2070 e
540 2037 744 2081 prytanum
773 2043 930 2070 numero
959 2042 1043 2070 eum
1072 2031 1159 2078 eligi
1188 2029 1430 2078 potuissew)

349 2096 471 2134 Venio
506 2106 607 2133 nunc
641 2095 690 2133 ad
723 2095 986 2143 magistratum
1023 2092 1233 2141 quendam,
1268 2093 1377 2130 cuius
1411 2102 1549 2130 munus
1582 2089 1742 2130 definire

242 2156 505 2194 difficillimum
538 2161 607 2203 est,
637 2167 734 2203 cum,
767 2157 880 2204 quale
909 2155 1044 2202 fuerit,
1073 2166 1197 2203 neque
1227 2165 1246 2191 e
1274 2154 1426 2192 nomine
1454 2165 1579 2202 neque
1607 2165 1654 2192 ex
1681 2153 1742 2200 iis,

245 2231 344 2268 quae
381 2219 428 2258 de
467 2218 602 2257 officiis
638 2220 719 2257 eius
755 2219 901 2257 tradita
935 2222 1042 2264 sunt,
1079 2218 1272 2255 notionem
1307 2217 1401 2254 satis
1430 2216 1574 2254 claram
1601 2226 1741 2263 capere

245 2284 359 2320 liceat
386 2305 435 2310 —
463 2281 720 2332 ἐπιστάτην
754 2282 851 2319 dico.
906 2281 965 2319 Ne
1001 2280 1048 2318 de
1084 2291 1242 2318 numero
1272 2278 1426 2327 quidem
1455 2281 1628 2326 constat,
1655 2287 1741 2316 cum

244 2346 471 2393 plerumque
501 2346 661 2393 singulis
690 2346 800 2383 annis
829 2344 969 2392 singuli
998 2343 1254 2388 inveniantur,
1283 2342 1322 2379 in
1349 2341 1462 2380 titulo
1489 2351 1580 2379 vero
1607 2339 1743 2379 chora-

335 2499 379 2542 58)
406 2499 442 2532 C.
457 2498 484 2532 I.
500 2497 541 2531 G.
567 2499 665 2532 2266.
772 2498 819 2540 ⁵⁹)
843 2497 917 2532 Iam
944 2497 1018 2531 dixi
1044 2506 1113 2531 non
1138 2495 1251 2530 multa
1275 2498 1417 2529 servata
1441 2503 1520 2529 esse
1543 2491 1742 2528 scribarum

245 2556 432 2599 utriusque
459 2555 599 2599 generis
624 2554 785 2597 nomina,
816 2564 908 2598 quae
938 2553 1055 2588 omnia
1079 2552 1224 2597 collegit
1247 2550 1520 2596 diligentissime
1543 2548 1743 2585 Homolliua

247 2614 283 2648 in
308 2613 410 2648 fastis
436 2611 594 2655 deliacis,
621 2611 728 2646 semel
750 2621 869 2645 errore
887 2611 1042 2645 admisso
1067 2610 1103 2644 in
1122 2607 1331 2644 Helicandri
1348 2607 1501 2651 nomine,
1525 2617 1632 2652 quem
1655 2605 1744 2642 dicit

247 2671 399 2707 scribam
430 2671 703 2714 hieropoeorum
733 2669 844 2704 fuisse
870 2668 1016 2703 Charila
1040 2668 1210 2703 archonte
1243 2668 1287 2710 (a.
1312 2667 1381 2702 220
1403 2675 1436 2700 a.
1460 2663 1543 2700 Chr.
1567 2663 1633 2709 n.),
1661 2673 1743 2699 cum

247 2730 403 2775 epistata
428 2727 537 2762 suerit
560 2727 628 2762 hoc
653 2727 731 2772 ipso
758 2736 866 2761 anno:
892 2726 954 2760 cfr.
981 2725 1123 2761 Demar.
1149 2724 1246 2760 arch.
1271 2724 1340 2758 inv.
1366 2722 1427 2758 lin.
1451 2723 1506 2758 4⁷.
