1957 3293
897 260 1207 300 —112—

309 393 381 429 que
416 383 514 419 enim
550 381 729 426 Nenzii9)
764 384 990 421 sententiam
1019 384 1186 432 probare
1220 396 1393 433 possum,
1428 384 1500 423 sibi
1535 385 1804 434 persuadentis

311 442 433 493 ἡλιαία
469 445 605 492 verbo,
648 445 750 493 quod
792 446 909 483 semel
944 447 981 483 in
1017 447 1128 485 titulo
1174 447 1338 495 quodam
1380 448 1603 492 occurrit¹⁰)
1648 448 1807 487 eandem

307 508 522 544 contionem
563 508 769 556 designari.
824 508 920 546 Nam
950 509 1051 556 quod
1081 509 1173 548 dicit
1199 509 1249 548 ad
1277 511 1493 558 opinionem
1522 522 1629 550 suam
1656 509 1808 550 firman·

307 569 392 606 dam
436 571 572 608 »solita
607 583 690 609 esse
727 571 826 609 dona
863 572 901 608 in
936 573 1112 610 contione
1148 577 1209 611 (ut
1243 572 1304 610 hic
1337 574 1374 610 in
1410 571 1550 625 ἡλιαίᾳ)
1591 574 1808 622 hieropoeis

309 632 447 678 tradi,«
470 633 563 670 nihil
588 638 663 671 est:
690 646 765 672 non
787 636 883 672 enim
906 636 942 672 in
963 636 1138 673 contione
1168 635 1267 674 dona
1296 636 1512 682 traduntur,
1542 637 1609 675 sed
1633 635 1808 688 χὺματα,

311 696 334 732 1.
356 707 387 733 9.
409 696 647 734 metallorum
669 697 842 744 pondera
862 709 881 734 e
908 699 1023 735 variis
1052 709 1227 736 vasorum
1258 697 1481 746 fragmentis
1508 699 1546 736 in
1575 711 1691 737 unum
1719 710 1806 738 con-

314 758 426 805 flata,
456 760 492 796 in
522 760 660 807 quibus
689 762 849 798 maxime
879 761 1086 799 cavendum
1117 766 1212 808 erat,
1240 774 1287 799 ne
1316 761 1409 810 quid
1437 761 1486 800 ab
1514 761 1730 800 hominibus
1759 762 1808 800 ad

311 821 383 859 1100
425 823 548 870 ipsum
594 834 617 860 a
659 824 801 870 populo
843 824 974 861 electis
1017 829 1276 871 averteretur,
1318 826 1544 872 praesertim
1587 835 1672 863 cum
1714 826 1808 863 satis

315 896 452 932 magna
480 886 563 922 auri
591 887 816 934 argentique
846 887 901 923 vis
931 887 984 924 eis
1013 887 1383 930 committeretur.¹¹)

418 949 495 986 lam
540 959 624 986 cum
660 948 708 986 ad
745 949 877 996 populi
911 950 948 986 in
982 951 1155 997 pecuniis
1190 950 1503 988 administrandis
1538 951 1806 989 auctoritatem

313 1012 434 1049 oratio
463 1015 594 1049 nostra
623 1011 837 1058 devenerit,
867 1023 1023 1050 necesse
1052 1017 1111 1050 est
1137 1013 1282 1052 Nenzio
1311 1013 1481 1062 obloqui,
1511 1014 1575 1062 qui
1602 1014 1705 1052 ultra
1730 1025 1809 1052 mo-

312 1073 399 1111 dum
430 1085 511 1111 eam
541 1073 805 1122 amplificavit:
839 1074 931 1113 dicit
959 1076 1056 1114 enim
1086 1075 1313 1124 hieropoeos
1342 1077 1436 1114 nihil
1465 1078 1629 1125 gessisse
1659 1077 1731 1115 nisi
1760 1088 1807 1114 ex

313 1137 542 1175 auctoritate
570 1138 701 1185 populi
731 1136 849 1182 (κατὰ
879 1137 922 1174 τὸ
951 1137 1129 1188 ψήφισμα
1156 1139 1227 1175 τοῦ
1257 1139 1407 1189 δήμου).
1463 1139 1538 1178 Sed
1568 1140 1670 1189 quod
1700 1151 1807 1178 vaso-

311 1211 393 1237 rum
423 1198 636 1248 fragmenta
665 1201 866 1239 conflanda
893 1202 1100 1240 tradidisse
1129 1203 1336 1240 secundum
1365 1203 1498 1251 populi
1527 1202 1720 1241 decretum
1751 1202 1807 1240 di-

312 1268 461 1308 cuntur,
489 1275 564 1300 non
585 1268 644 1301 est
663 1264 757 1301 illud
778 1265 1026 1303 omittendum
1054 1265 1115 1304 dei
1143 1265 1237 1304 11390
1264 1265 1382 1304 fuisse
1411 1277 1523 1304 sacra
1550 1277 1674 1314 neque
1703 1267 1808 1314 quic-

313 1337 425 1373 quam
455 1327 647 1365 immutari
673 1328 843 1375 potuisse
871 1328 943 1365 nisi
964 1329 1103 1376 populi·
1124 1329 1242 1374 iussu,
1271 1333 1314 1367 ut
1343 1329 1456 1367 etiam
1478 1328 1640 1366 Athenis
1668 1329 1807 1366 scimus

311 1388 466 1427 factum.
522 1389 627 1427 Idem
665 1389 739 1428 dici
775 1390 983 1438 potestne
1019 1391 1198 1438 operibus
1234 1391 1271 1428 in
1300 1391 1441 1440 templo
1470 1391 1673 1439 faciendis,
1709 1402 1807 1440 quae

311 1451 537 1490 locabantur
576 1452 814 1490 »secundum
851 1453 983 1501 populi
1020 1453 1214 1491 decretum
1252 1458 1296 1492 et
1337 1455 1521 1503 leges«:
1564 1454 1807 1494 condiciones

311 1516 487 1553 nimirum
531 1516 647 1553 semel
690 1517 920 1554 constitutae
965 1521 1075 1554 erant
1114 1518 1152 1554 in
1194 1517 1389 1564 contione,
1432 1529 1592 1566 quarum
1635 1529 1806 1556 normam

312 1582 516 1627 sequentes
554 1583 690 1626 postea
718 1579 935 1627 hieropoei,
964 1580 995 1616 si
1025 1591 1181 1617 necesse
1210 1584 1305 1626 erat,
1334 1591 1452 1628 opera
1481 1591 1550 1619 sua
1578 1582 1808 1620 auctoritate

313 1641 490 1680 facienda
530 1641 791 1689 collocabant,
833 1646 875 1679 ut
917 1642 1047 1680 eadem
1090 1643 1239 1686 ratione
1274 1643 1335 1681 dei
1371 1643 1531 1691 praedia
1565 1642 1666 1680 κατὰ
1700 1643 1806 1694 ἱερὰν

315 1703 539 1755 συγγραφὴν
573 1707 664 1743 item
700 1707 780 1744 sine
815 1706 930 1744 dubio
967 1718 989 1744 a
1023 1707 1165 1754 populo
1194 1707 1440 1745 constitutam
1471 1718 1495 1745 a
1522 1707 1809 1755 magistratibus

317 1769 391 1806 illis
428 1780 496 1806 suo
531 1769 690 1807 arbitrio
727 1769 987 1808 elocabantur.
1049 1770 1102 1807 Ut
1137 1781 1211 1807 uno
1247 1769 1363 1808 verbo
1405 1769 1620 1818 absolvam,
1662 1782 1809 1809 summa

313 1832 431 1869 totius
451 1832 582 1879 templi
611 1833 953 1870 administrationis
982 1837 1086 1870 certe
1116 1844 1232 1880 penes
1261 1833 1442 1881 populum
1473 1838 1568 1881 erat,
1597 1833 1666 1872 sed
1693 1834 1743 1872 ad
1770 1833 1809 1871 id

319 1895 443 1942 ipsum
464 1895 691 1943 hieropoeos
720 1895 897 1943 eligebat,
926 1899 967 1933 ut
996 1907 1066 1943 per
1095 1907 1159 1933 eos
1189 1896 1340 1942 singula
1367 1900 1604 1944 gererentur.
1651 1895 1808 1934 Minime

316 1959 432 2005 igitur
460 1958 658 2006 probabile
689 1964 747 1997 est
775 1959 876 1996 dona
904 1970 1072 2007 unquam
1101 1970 1185 1996 esse
1215 1958 1430 2008 hieropoeis
1458 1959 1496 1997 in
1524 1959 1700 1997 contione
1732 1963 1809 1997 tra-

317 2021 407 2059 dita.
452 2021 585 2070 Itaque
615 2020 736 2072 ἡλιαία
762 2023 827 2060 1110
848 2022 931 2060 1000
951 2025 1246 2060 commemorata
1265 2033 1340 2060 non
1361 2023 1574 2060 contionem
1594 2020 1809 2070 significare

317 2088 456 2131 potest.
479 2085 558 2131 sed,
579 2088 621 2121 ut
640 2085 729 2122 mihi
750 2085 913 2131 videtur,
943 2083 1155 2122 aedificium
1177 2083 1366 2132 quoddam
1387 2084 1594 2133 publicum,
1623 2088 1666 2122 ut
1693 2084 1808 2122 etiam

316 2159 362 2185 ex
390 2151 576 2195 prytaneo
612 2157 883 2195 nonnunquam
921 2159 1013 2185 vasa
1050 2147 1101 2185 ibi
1136 2159 1206 2195 per
1242 2147 1398 2196 aliquod
1432 2152 1582 2196 tempus
1610 2151 1810 2186 asservata

314 2210 542 2259 hieropoeos
578 2211 775 2258 accepisse
811 2210 992 2248 traditum
1030 2214 1104 2257 est;
1141 2222 1265 2259 neque
1301 2209 1525 2248 incredibile
1559 2214 1619 2249 est
1645 2209 1717 2248 hoc
1744 2221 1810 2248 no-

312 2274 412 2311 mine
441 2273 634 2320 designari
664 2274 799 2321 locum,
830 2286 904 2322 quo
933 2272 1120 2323 ἡλιασταί,
1149 2274 1173 2311 1.
1202 2285 1233 2311 9.
1263 2273 1408 2312 iudices
1436 2285 1541 2312 more
1570 2277 1609 2311 et
1636 2273 1809 2322 exemplo

314 2337 603 2374 Atheniensium
633 2337 869 2385 reipublicae
899 2338 1078 2383 instituti,
1108 2337 1311 2375 convenire
1341 2336 1518 2375 solebant
1535 2335 1583 2375 ad
1603 2337 1662 2374 ius
1682 2336 1810 2374 dicen-

313 2399 414 2446 dum,
444 2411 673 2447 quamquam
702 2412 762 2437 res
784 2400 986 2438 iudiciaria
1011 2399 1199 2447 quomodo
1228 2400 1266 2437 in
1294 2400 1448 2438 civitate
1475 2399 1625 2438 deliaca
1651 2398 1809 2438 admini-

312 2466 436 2500 strata
464 2463 526 2508 sit,
555 2462 647 2499 nihil
677 2467 912 2510 compertum
942 2461 1137 2500 habemus.

418 2605 449 2647 ⁹)
474 2603 584 2639 Nenz.
611 2603 848 2647 Quaestiones
874 2603 1044 2638 deliacae.
1096 2603 1189 2638 Diss.
1238 2603 1318 2638 1131.
1345 2602 1427 2638 Sax.
1457 2604 1552 2648 1885,
1578 2613 1611 2647 p.
1636 2604 1667 2638 6.

405 2664 449 2704 ¹⁰)
474 2662 615 2697 Demar.
634 2662 730 2696 arch.
751 2662 818 2696 inV.
838 2662 897 2696 lin.
922 2664 1092 2697 112—13:
1118 2661 1249 2705 φιάλας
1273 2659 1314 2700 ἅς
1338 2660 1603 2705 πορελᾰβοσαν
1629 2660 1808 2705 ἱεροποιοὶ

312 2720 349 2753 ἐν
376 2721 424 2765 τῇ
450 2719 568 2765 ἡλιαίᾳ
594 2720 692 2763 παρὰ
719 2721 865 2760 ταμιῶν.
1008 2720 1052 2761 ¹¹)
1077 2717 1165 2753 Ibid.
1192 2717 1252 2752 lin,
1283 2719 1447 2753 ile-26.
