1957 3326
893 285 1174 326 -46-

363 411 531 457 Accepta
560 421 583 447 a
610 409 809 456 superiore
840 409 999 455 collegio
1031 436 1037 443 .
1094 436 1101 443 .
1157 435 1165 443 .
1223 433 1231 440 .
1266 412 1631 446 122850—122900
1650 406 1707 445 dr.

363 473 535 518 1101111115,
548 472 612 519 qui
630 471 782 509 suerunt
798 471 1111 518 annoGlaucippi
1127 470 1231 508 arch.
1287 475 1467 507 26296··
1501 475 1632 509 26246
1652 469 1710 507 dr.

1080 543 1235 582 Summa
1267 549 1420 582 149146
1441 544 1498 582 dr.
1528 549 1550 583 3
1571 544 1670 582 obol.

362 607 544 655 Expensa
572 607 621 645 ab
650 608 995 655 Amphictyonibus
1032 633 1040 640 .
1096 634 1103 642 .
1159 634 1166 641 .
1225 633 1233 641 .
1269 609 1422 644 137636
1443 606 1499 644 dr.
1531 612 1551 644 3
1572 606 1672 644 obol.

846 681 1000 719 Summa
1028 681 1236 718 novissima
1293 686 1329 718 11
1349 686 1423 719 510
1444 680 1500 718 dr.

389 783 645 822 Confirmatur
680 784 775 821 haec
811 795 895 821 mea
928 784 1184 830 computatio,
1218 783 1368 829 singula
1396 783 1496 822 unde
1525 782 1725 831 fluxerint,
1755 785 1788 822 si

286 848 565 895 persequimur.
629 847 797 884 Primum
841 858 980 894 pensas
1023 846 1161 883 scimus
1202 845 1396 884 mercedes
1438 846 1683 894 praediorum
1727 846 1789 885 dei

286 911 372 947 Deli
403 915 439 947 et
460 910 640 947 Rheneae
670 909 895 954 locatorum,
924 919 1085 955 quarum
1116 919 1284 945 summae
1315 919 1430 955 quum
1460 910 1498 947 in
1525 909 1637 947 titulo
1656 913 1789 948 nostro

287 973 570 1019 interciderint,
609 983 692 1019 cas,
728 983 826 1019 quae
856 973 892 1008 in
931 970 1143 1008 rationibus
1173 969 1328 1008 Cratete
1358 971 1543 1010 archonte
1571 973 1790 1020 perscripta

286 1041 431 1082 extant,
467 1035 651 1081 adhibeo,
687 1046 762 1072 non
792 1037 971 1082 ignorans
1002 1034 1153 1082 quidem
1185 1035 1309 1081 spatio
1339 1035 1472 1082 viginti
1507 1039 1689 1084 quattuor
1722 1047 1788 1074 an-

287 1111 432 1145 norum,
462 1098 564 1146 quod
594 1099 695 1136 inter
723 1097 818 1135 duas
847 1098 1016 1134 rationes
1046 1097 1185 1134 litteris
1217 1097 1415 1135 mandatas
1444 1098 1674 1145 intercessit,
1707 1097 1790 1137 fieri

285 1163 475 1209 potuisse,
513 1166 554 1198 ut
583 1162 642 1198 vel
671 1162 989 1198 imminuerentur
1017 1160 1075 1198 vel
1106 1165 1356 1207 augerentur,
1388 1160 1455 1199 sed
1485 1173 1531 1200 ea
1559 1162 1791 1209 cogitatione

287 1226 424 1265 ductus
454 1238 530 1264 non
559 1226 683 1273 magni
715 1226 916 1271 interesse,
947 1226 977 1262 si
1006 1225 1155 1272 aliquot
1183 1225 1356 1262 centenis
1385 1223 1576 1262 drachmis
1606 1235 1789 1262 erremus.

286 1291 414 1337 Atque
451 1301 497 1327 ex
532 1289 614 1332 illo,
651 1300 762 1336 quem
800 1287 911 1326 modo
947 1287 1045 1334 dixi,
1081 1287 1193 1325 titulo
1228 1287 1418 1334 cognitum
1453 1286 1638 1325 habemus
1672 1285 1791 1325 fuisse

286 1363 416 1390 omnes
446 1353 578 1399 templi
614 1351 751 1389 fundos
780 1353 818 1388 in
853 1350 982 1388 decem
1020 1362 1140 1388 anuos
1175 1350 1383 1388 collocatos
1419 1351 1546 1397 (quem
1582 1354 1685 1388 certe
1713 1354 1791 1388 ter-

286 1417 426 1452 minum
463 1419 505 1453 ut
542 1419 777 1452 constantem
816 1413 999 1451 adhibere
1036 1416 1254 1461 possumus)
1297 1417 1336 1451 et
1375 1412 1460 1450 illos
1503 1412 1676 1460 quidem,
1725 1412 1790 1460 qui

288 1477 374 1515 Deli
405 1478 467 1515 siti
497 1482 624 1523 erant,
655 1478 767 1514 simul
797 1488 879 1514 cum
910 1476 1085 1514 domibus
1115 1488 1161 1514 ea
1188 1475 1429 1522 condicione,
1467 1479 1510 1513 ut
1538 1486 1639 1513 anno
1667 1475 1790 1522 primo

289 1551 358 1587 pro
401 1540 446 1576 iis
489 1539 751 1586 penderentur
788 1542 879 1585 716,
921 1543 1059 1585 postea
1093 1549 1183 1575 vero
1223 1539 1428 1585 quotannis
1463 1537 1593 1586 paullo
1627 1537 1791 1586 amplius

290 1607 363 1640 900
400 1602 475 1648 dr„
512 1614 577 1639 eos
605 1606 750 1647 autem,
787 1612 883 1649 quos
911 1600 1093 1638 Rheneac
1123 1599 1217 1637 deus
1246 1600 1488 1648 possidebat,
1523 1601 1666 1638 maiore
1695 1611 1792 1638 mer-

289 1665 382 1703 cede
419 1668 517 1702 7110
552 1665 838 1710 drachmarum3
877 1676 975 1711 quae
1012 1662 1207 1700 mercedes
1243 1663 1448 1710 quotannis
1477 1663 1722 1711 pendendae,
1760 1663 1792 1701 si

290 1729 402 1776 primi
438 1729 540 1765 illius
577 1729 667 1765 anni
704 1733 815 1765 extra
851 1727 1020 1764 ordinem
1058 1725 1235 1763 videlicet
1262 1726 1378 1773 positi
1406 1727 1593 1765 rationem
1623 1738 1699 1764 non
1726 1726 1792 1764 ha-

290 1792 441 1837 bemus,
478 1802 659 1828 summam
691 1796 790 1828 8100
819 1790 875 1827 dr.
915 1801 990 1827 non
1019 1789 1221 1834 maiorem,
1257 1788 1420 1827 fortasse
1448 1789 1579 1837 paullo
1609 1790 1791 1827 minorem

292 1854 472 1892 efficiunt.
529 1855 650 1901 Quam
681 1864 863 1890 summam
895 1853 925 1889 si
953 1852 998 1890 de
1026 1853 1211 1900 pecuniis,
1241 1863 1337 1900 quas
1364 1851 1580 1900 Glaucippo
1608 1851 1792 1890 archonte

291 1919 486 1965 accepisse
529 1930 568 1955 se
607 1916 839 1965 profitentur
873 1915 1191 1963 Amphictyones,
1233 1915 1472 1962 deducimus,
1518 1915 1668 1963 reliqua
1705 1917 1795 1953 sunt

292 1981 367 2018 tria
396 1981 541 2018 talenta
571 1984 609 2017 et
637 1979 842 2016 drachmae
872 1980 974 2016 circa
1003 1984 1089 2024 200,
1118 1990 1216 2026 quae
1246 1981 1399 2016 constat
1428 1988 1565 2026 magna
1593 1989 1640 2015 ex
1667 1981 1793 2025 parte,

292 2043 323 2080 51
370 2055 445 2080 11011
494 2044 639 2089 omnia,
688 2054 771 2080 esse
818 2041 991 2080 confecta
1037 2041 1209 2088 pecuniis
1255 2052 1278 2077 a
1319 2040 1556 2079 debitoribus
1602 2039 1663 2078 dei
1709 2039 1795 2078 red·

293 2105 383 2142 ditis
413 2107 616 2154 usurisque
647 2105 788 2153 pensis.
846 2105 904 2142 Ne
933 2104 1068 2142 credas
1098 2105 1173 2141 tria
1201 2103 1296 2142 haec
1323 2103 1470 2141 talenta
1499 2114 1583 2141 esse
1611 2102 1796 2150 pauciora

293 2180 518 2216 omnemque
554 2173 763 2216 propterea
797 2167 966 2205 tabulam
1001 2178 1118 2214 supra
1153 2167 1371 2204 restitutam
1407 2166 1580 2213 reficias,
1618 2163 1795 2204 conferas

293 2243 391 2278 quae
421 2233 458 2269 111
489 2232 615 2279 lupide
646 2230 905 2269 Sandwicensi
933 2230 1152 2277 perscripta
1181 2233 1287 2266 sunt:
1324 2228 1376 2266 ibi
1405 2229 1437 2266 si
1465 2227 1512 2266 de
1544 2231 1628 2266 tota
1660 2237 1796 2275 accep—

292 2298 415 2331 tarum
444 2295 691 2341 pecuniarum
720 2305 865 2331 summa
894 2293 1089 2330 mercedes
1117 2292 1297 2339 deducas,
1325 2303 1423 2339 quae
1452 2302 1522 2339 pro
1550 2289 1679 2329 fundis
1706 2301 1796 2329 con-

293 2355 417 2393 ductis
453 2362 542 2393 511111
577 2368 737 2404 pensae,
774 2356 923 2403 reliqua
959 2359 1047 2392 sunt
1076 2355 1182 2393 6tal.
1215 2359 1287 2393 643
1316 2354 1372 2392 dr.
1406 2353 1504 2401 fere3
1545 2365 1644 2403 quae
1680 2364 1796 2402 quum

294 2419 371 2456 sint
398 2419 512 2455 trium
542 2430 728 2456 annorum
758 2418 917 2464 fructus,
947 2429 1103 2456 necesse
1132 2421 1191 2455 est
1210 2428 1274 2455 eas
1300 2417 1338 2454 in
1365 2421 1444 2455 tres
1463 2419 1594 2465 partes
1613 2415 1796 2463 dividere,

294 2484 409 2527 atque
438 2479 655 2518 efficiuntur
690 2485 711 2518 2
746 2481 812 2518 tal.
843 2485 914 2518 215
945 2480 1001 2517 dr.
1038 2491 1113 2518 uno
1149 2491 1249 2518 anuo
1286 2490 1332 2517 ex
1368 2478 1542 2527 pecuniis
1575 2478 1638 2517 dei
1679 2470 1797 2516 collo-¹

297 2544 393 2581 catis
423 2547 461 2580 et
490 2543 717 2590 quibusdam
749 2542 958 2580 minoribus
987 2546 1157 2589 accepta.
1221 2542 1343 2588 Quam
1372 2540 1420 2579 ob
1448 2552 1527 2579 rem
1555 2539 1710 2579 tabulae
1738 2539 1794 2577 illi

297 2617 415 2652 supra
445 2606 682 2652 perscriptae
711 2609 855 2642 tantam
886 2604 1014 2642 tribuo
1045 2604 1334 2650 auctoritatem,
1363 2606 1545 2652 quantam
1573 2603 1726 2640 omnino
1756 2602 1796 2640 in

295 2667 510 2704 huiusmodi
540 2667 825 2714 computatione
855 2667 1008 2714 assequi
1038 2667 1136 2704 licet.

398 2729 558 2767 Maioris
594 2733 697 2768 certe
733 2732 837 2766 esset
871 2729 1072 2775 momenti,
1115 2729 1146 2766 si
1182 2732 1327 2776 quanta
1367 2727 1504 2766 fuisset
1544 2727 1794 2775 pecuniarum
