1979 3326
785 310 1097 350 —177—

190 433 274 470 vius
308 433 492 480 temporis
528 433 693 479 spatium
727 432 943 480 Antigonus
980 433 1151 472 Gonatas
1193 445 1278 471 cum
1316 434 1534 472 Stratonice
1579 446 1699 473 uxore

191 495 296 541 (inde
323 495 371 533 ab
400 506 500 533 anno
530 498 633 541 252),
663 495 800 533 deinde
829 494 930 533 filius
961 497 1042 533 eius
1062 495 1284 533 Demetrius
1315 496 1421 545 (inde
1450 496 1498 534 ab
1528 507 1563 534 a.
1593 499 1696 540 237),

189 561 328 606 postea
354 558 570 605 Antigonus
591 557 723 596 Doson
753 558 863 595 deum
894 558 1047 596 Delium
1076 559 1312 597 liberalitate
1343 571 1412 597 sua
1439 560 1696 608 locupletasse

189 620 380 667 videntur,
410 632 534 669 neque
556 621 683 658 inveni
703 621 805 668 apud
826 622 1072 666 Homolhum,
1103 621 1295 659 fuerintne
1323 626 1413 670 post
1441 634 1569 660 eorum
1599 635 1699 661 mor-

188 687 264 722 tem
285 685 508 722 continuata
526 684 622 722 haec
642 684 743 722 dona
762 685 822 722 vel
841 685 1038 723 celebrata
1055 682 1272 733 Ἀντιγόνεια
1289 689 1327 723 et
1342 683 1697 735 Erpawus'xeca:⁹⁰)

189 746 356 785 Dosonis
393 746 544 794 quidem
581 748 737 784 vascula
771 748 846 785 tria
880 758 999 785 aurea
1035 748 1150 786 etiam
1185 748 1385 785 Pantaeno
1424 750 1474 793 (a.
1507 748 1624 793 215‘?›
1660 753 1698 787 et

188 808 312 847 Callia
339 815 389 854 (a.
421 809 538 855 201⁴?)
567 810 815 848 archontibus
844 811 1025 848 dicuntur
1052 811 1224 858 Apollini
1253 811 1478 857 oblata;¹⁰⁰)
1509 811 1577 849 sed
1607 823 1692 850 cum

188 873 408 920 singulatim
442 872 704 911 tantummodo
743 873 1008 921 appellentur,
1045 874 1107 910 vix
1143 874 1327 912 credibile
1355 874 1508 912 videtur
1537 886 1622 912 esse
1652 886 1697 913 ea

189 947 208 973 e
250 939 380 974 certae
418 937 604 984 pecuniae
639 937 766 974 usuris
803 941 1046 984 comparata,
1085 936 1152 974 sed
1187 937 1431 974 verisimilius
1466 949 1488 976 a
1516 937 1697 986 Philippo

186 1009 276 1046 rege
306 1002 365 1042 (ut
394 1000 549 1046 saepius
577 997 660 1036 fieri
689 999 854 1041 solebat)
884 999 1063 1037 avunculi
1092 1001 1232 1037 mortui
1261 1001 1415 1037 nomine
1436 1000 1576 1038 dicata.
1619 1001 1695 1038 Ne-

187 1072 260 1108 que
289 1061 493 1109 Philippus
513 1062 574 1099 hic
594 1062 756 1100 Macedo
779 1073 862 1099 cum
891 1061 978 1100 filiis
991 1062 1056 1107 101)
1085 1074 1209 1110 neque
1238 1063 1394 1101 Attalus
1423 1063 1694 1112 Eumenesque

186 1123 508 1172 Pergameni,¹02>
546 1136 776 1173 quamquam
806 1125 936 1163 multis
965 1126 1169 1173 magnique
1198 1127 1314 1173 pretii
1344 1125 1453 1164 donis
1483 1127 1694 1174 locupleta-

185 1191 322 1224 verunt
357 1188 560 1236 templum,
602 1192 826 1226 constanter
860 1189 932 1226 hoc
969 1189 1144 1226 omnibus
1180 1190 1290 1226 annis
1327 1189 1506 1227 videntur
1542 1188 1692 1236 fecisse,

184 1249 323 1288 nedum
344 1250 391 1288 de
411 1251 498 1288 aliis
518 1252 655 1299 loquar
684 1251 853 1299 regibus,
884 1252 949 1299 qui
978 1251 1138 1289 fortuito
1167 1253 1287 1299 magis
1318 1253 1375 1289 vel
1403 1263 1496 1290 casu
1526 1252 1692 1300 quodam

185 1313 493 1352 extraordinario
513 1315 678 1361 permoti
698 1314 810 1352 deum
831 1315 1050 1353 coluerunt:
1073 1316 1256 1353 Seleucus
1277 1315 1450 1362 Nicator,
1470 1316 1686 1354 Antiochus

182 1491 434 1534 quaestoribus
459 1490 553 1525 tradi
575 1491 731 1526 solerent
756 1512 799 1516 —
825 1490 990 1526 adscribo
1008 1491 1207 1526 Ptolemaei
1223 1491 1454 1536 Philadelphi
1480 1492 1690 1527 liberalitati

182 1553 218 1583 et
234 1548 518 1593 munificentiae,
544 1558 626 1583 nam
652 1549 861 1583 incredibile
880 1549 966 1583 mihi
985 1549 1125 1584 videtur
1151 1560 1255 1593 posse
1275 1550 1451 1594 quaedam
1468 1550 1560 1585 festa
1579 1549 1689 1584 Εὐτύ-

177 1618 258 1652 χεια
285 1606 495 1650 simpliciter
520 1606 712 1650 appellari:
745 1612 807 1641 aut
831 1617 958 1641 nomen
985 1613 1039 1642 est
1063 1607 1297 1651 repetendum
1323 1618 1344 1642 a
1369 1608 1577 1651 cognomine
1603 1617 1688 1651 quo-

180 1663 262 1698 dam
293 1663 542 1708 Philadelphi,
583 1669 623 1698 ut
649 1664 816 1699 diadochi
849 1665 910 1708 qui
943 1664 1111 1699 dicuntur
1142 1665 1412 1709 cognominibus
1446 1664 1688 1709 abundabant,

179 1727 243 1757 aut
269 1727 373 1757 erant
398 1722 518 1757 dicata
543 1721 636 1756 festa
666 1719 759 1767 Τύχῃ
782 1725 827 1767 τῇ
847 1720 1082 1766 Φιλαδέλφου,
1108 1728 1147 1757 ut
1172 1722 1326 1757 Romani
1356 1723 1481 1765 »genio
1507 1723 1684 1766 Augusti«

179 1778 359 1814 dicebant.
399 1779 526 1824 Locos,
553 1779 613 1814 ubi
631 1779 721 1814 haec
746 1779 839 1814 festa
864 1785 899 1813 et
926 1779 1068 1823 phialae
1094 1780 1131 1814 in
1158 1780 1299 1814 Demar.
1319 1780 1415 1814 arch.
1441 1780 1510 1814 inv.
1537 1791 1687 1814 comme-

179 1841 380 1881 morantur,
406 1836 477 1871 iam
506 1837 628 1871 attuli:
667 1848 699 1881 p.
725 1840 803 1880 101,
830 1842 900 1871 not.
921 1840 973 1871 32.
1010 1858 1048 1862 ——
1085 1837 1194 1872 Festa
1226 1837 1263 1871 in
1294 1837 1464 1871 honorem
1490 1836 1686 1872 Ptolemaei

177 1893 382 1938 Euergetae
410 1899 446 1929 et
470 1893 666 1929 Philetaeri
693 1894 858 1928 instituta
885 1900 920 1929 et
946 1895 1089 1939 phialae
1115 1895 1278 1938 singulae
1305 1893 1535 1938 Εὐεργεσίων
1557 1900 1591 1929 et
1610 1893 1686 1928 Φιλ-

179 1950 370 1994 εταιρείων
417 1950 558 1985 nomine
596 1950 661 1985 deo
703 1950 843 1985 oblatae
888 1951 996 1985 semel
1033 1956 1172 1985 tantum
1218 1951 1254 1985 in
1289 1952 1432 1986 Demar.
1476 1951 1572 1986 arch.
1615 1952 1685 1986 inv.

177 2007 254 2051 (lin.
279 2011 338 2050 54)
371 2007 581 2042 nominatim
613 2014 950 2051 commemorantur,
990 2009 1051 2044 sed
1084 2009 1177 2043 infra
1211 2009 1462 2045 demonstrabo
1503 2018 1564 2043 eas
1598 2009 1684 2043 item

179 2066 371 2110 quotannis
395 2065 502 2100 etiam
527 2065 594 2099 hoc
620 2069 779 2109 tempore
806 2075 884 2100 esse
909 2065 1058 2100 dicatas.

268 2135 313 2180 99)
338 2134 488 2169 Factum
520 2134 588 2169 hoc
613 2144 691 2168 esse
717 2139 869 2178 apparet
901 2139 997 2169 certe
1024 2145 1137 2178 usque
1169 2134 1215 2168 ad
1242 2134 1425 2179 Scylacem
1457 2133 1681 2168 archontem:

177 2192 240 2228 cfr.
266 2193 343 2228 eius
368 2192 452 2227 anni
477 2192 546 2227 inv.
572 2192 631 2226 lin.
652 2194 718 2227 57⁷
747 2195 808 2236 63,
841 2192 885 2227 ab
912 2192 1090 2226 Homollio
1117 2192 1251 2236 publici
1278 2192 1366 2225 iuris
1391 2190 1504 2225 factas
1530 2190 1566 2225 in
1591 2190 1684 2225 Bull.

177 2249 210 2285 d.
237 2249 334 2284 Corr.
361 2249 454 2284 Hell.
472 2249 533 2294 VI,
560 2261 592 2294 p.
615 2253 688 2284 144.
810 2252 870 2294 100)
893 2250 1078 2285 Pantaeno
1105 2250 1292 2284 archonte:
1320 2249 1464 2283 Demar.
1491 2248 1587 2282 arch.
1614 2248 1682 2282 inv.

175 2306 237 2342 lin.
251 2309 313 2351 423
339 2306 454 2342 Callia
470 2306 657 2341 archonte:
684 2307 766 2342 ibid.
788 2307 847 2341 lin.
862 2310 906 2341 20
923 2312 958 2342 ct
982 2309 1058 2344 161:
1086 2312 1274 2351 praeterea
1291 2306 1494 2350 Polystrato
1512 2306 1683 2340 archonte

177 2365 222 2410 (a.
240 2364 336 2409 224):
373 2363 459 2398 ibid.
485 2364 546 2398 lin.
564 2366 618 2398 48.
770 2366 829 2405 101)
855 2364 1046 2408 Philippus
1072 2375 1136 2399 rex
1162 2365 1198 2398 in
1224 2364 1367 2398 Demar.
1394 2363 1490 2397 arch.
1517 2362 1585 2396 inv.
1613 2373 1682 2397 non

177 2420 344 2466 occurrit,
370 2420 432 2456 sed
457 2420 688 2465 appellantur
704 2421 769 2456 filii
796 2422 872 2456 eius
891 2421 1045 2456 Perseus
1063 2422 1135 2466 (lin.
1154 2423 1209 2463 516)
1236 2426 1271 2455 et
1290 2420 1493 2455 Demetrius
1519 2420 1593 2461 (lin.
1615 2422 1683 2463 75),

177 2488 327 2523 quorum
351 2483 502 2522 uterque
529 2478 689 2522 Apollini
714 2478 897 2513 dicaverat
923 2480 1105 2521 στέφανον
1128 2479 1293 2524 χρυσοῦν
1320 2477 1377 2510 ἐπὶ
1402 2478 1528 2510 κώνου.

271 2534 333 2578 ¹0²)
358 2534 503 2569 Attalus
534 2534 717 2570 dicaverat
748 2545 914 2570 coronam
947 2545 1091 2569 auream
1129 2537 1192 2569 100
1217 2533 1267 2568 dr.
1300 2534 1457 2575 (Demar.
1491 2533 1586 2567 arch.
1614 2533 1682 2567 inv.

176 2591 238 2626 lin.
261 2593 321 2636 61)
353 2595 388 2627 et
418 2591 579 2636 phialam
609 2591 784 2626 caelatam
817 2590 919 2636 (ibid.
953 2591 1012 2625 liu.
1043 2593 1141 2635 183),
1175 2590 1277 2625 cuius
1311 2589 1448 2634 pondus
1484 2589 1681 2630 nescium&

176 2647 356 2683 Eumenes
387 2653 516 2693 quater
547 2654 843 2683 commemoratur
883 2648 926 2682 ob
961 2653 1131 2691 quattuor
1167 2657 1316 2683 coronas
1358 2657 1486 2681 aureas
1521 2647 1680 2691 Apollini

176 2704 269 2740 dono
299 2704 402 2740 datas
433 2704 532 2748 (ibid.
566 2705 627 2739 lin.
651 2708 712 2749 99,
750 2707 829 2749 101,
867 2707 945 2749 105,
977 2707 1166 2748 129—130)
1198 2711 1428 2739 centenarum
1454 2703 1504 2738 dr.
1538 2711 1682 2748 praeter

176 2771 295 2806 unam,
319 2761 378 2797 cui
394 2761 534 2806 pondus
558 2771 629 2797 non
654 2767 709 2797 est
733 2762 963 2806 adscriptum.

245 2825 280 2850 n.
301 2824 344 2851 st.
376 2824 426 2850 ix.
460 2825 484 2852 1.
1368 2820 1408 2853 12
