1979 3326
715 257 999 298 —19—

100 383 259 419 cataeus
298 383 430 428 partes
471 379 698 428 Persarum,
741 380 963 419 Herodotus
1007 392 1098 419 vero
1139 381 1239 419 sicut
1282 380 1527 430 Pherecydes
1578 385 1617 420 et

100 443 326 482 Hellanicus
361 444 446 492 (qui
474 443 586 481 ambo
615 442 767 482 fabulas
796 444 935 482 atticas
965 444 1121 492 copiose
1155 447 1463 492 pertractarunt)
1500 456 1614 493 quam

101 507 267 545 maxime
294 505 433 545 faverit
460 506 753 545 Atheniensium
782 506 963 553 rebus.⁵1)

203 569 374 616 Longior
400 568 534 608 videor
561 568 680 608 fuisse
700 571 740 607 in
759 570 818 608 his
838 569 954 608 rebus
975 569 1228 618 explicandis,
1257 569 1325 608 sed
1346 569 1611 610 demonstrare

100 632 206 671 volui
246 645 323 671 non
357 632 477 671 fuisse
518 634 624 672 illam
667 644 691 671 a
724 634 930 672 Pisistrato
972 632 1113 672 factam
1156 633 1244 672 Deli
1278 634 1546 673 lustrationem
1591 645 1615 673 a

100 699 184 734 tota
209 696 267 734 rei
294 695 487 744 gerendae
515 697 664 735 ratione
693 697 764 734 viri
792 696 906 734 huius
935 696 1141 744 singularis
1178 697 1345 736 alienam
1373 709 1499 746 neque
1533 709 1619 735 sus-

100 762 251 807 ceptam
277 759 424 807 gloriae
451 771 573 798 vanae
594 759 809 808 captandae
838 770 956 803 causa
983 759 1044 798 vel
1071 760 1229 807 pietatis
1259 771 1351 798 suae
1379 771 1472 808 erga
1502 760 1615 798 deum

99 822 440 869 demonstrandae,
474 823 588 860 immo
617 822 831 861 arctissime
860 823 1103 860 coniunctam
1133 833 1217 860 cum
1254 823 1429 862 omnibus
1469 824 1616 861 conati-

103 886 188 933 bus,
218 885 358 934 quibus
386 885 538 924 efficere
567 885 754 933 studeret,
782 889 826 923 ut
851 884 1107 934 popularibus
1136 886 1306 924 omnium
1335 886 1473 924 Ionum
1502 887 1616 934 hege-

99 949 268 987 moniam
294 952 412 997 atque
439 949 557 987 maris
586 949 730 996 Aegaei
757 949 974 997 imperium,
1010 953 1054 986 ut
1081 949 1157 987 iam
1187 949 1339 988 Theseo
1370 951 1614 998 promissum,

104 1012 256 1060 patriae
284 1023 376 1051 suae
403 1015 575 1060 pararet.

204 1075 327 1123 Quum
369 1079 459 1123 post
502 1075 670 1113 sedecim
713 1076 823 1124 regni
868 1087 990 1114 annos
1031 1080 1191 1115 mortem
1241 1076 1401 1115 obiisset
1450 1076 1614 1116 florente

99 1138 319 1187 republica,
353 1136 423 1175 filii
451 1139 534 1176 eius
563 1138 725 1176 consilia
754 1138 1027 1186 deseruerunt,
1057 1139 1136 1178 sive
1166 1139 1216 1178 ad
1243 1139 1340 1178 talia
1368 1140 1495 1178 animo
1525 1151 1616 1179 con-

98 1200 280 1250 cipienda
323 1200 473 1239 indoles
513 1201 560 1239 iis
603 1200 755 1249 deerat,
805 1203 884 1240 sive
924 1207 1124 1241 crescente
1164 1204 1205 1241 in
1247 1203 1330 1242 dies
1372 1205 1614 1252 optimatium

101 1265 189 1303 odio
223 1264 435 1312 populique
464 1263 610 1302 invidia
637 1264 962 1312 prohibebantur:
999 1264 1165 1305 fortasse
1194 1267 1310 1305 etiam
1338 1266 1614 1314 impedimento

99 1327 148 1365 iis
174 1326 248 1365 fuit
275 1339 295 1365 e
322 1327 453 1375 parvis
480 1327 602 1365 initiis
629 1327 738 1365 brevi
765 1332 939 1376 tempore
968 1333 1084 1368 aucta
1112 1334 1151 1368 et
1179 1342 1298 1378 supra
1327 1342 1477 1369 omnem
1505 1342 1614 1379 spem

97 1391 211 1430 elata-
227 1390 446 1439 Polycratis
475 1390 593 1429 Samii
625 1392 781 1439 tyranni
808 1393 994 1440 potentia.
1052 1393 1126 1440 Qui
1154 1405 1271 1441 quum
1298 1394 1439 1432 multas
1469 1395 1613 1442 Aegaei

93 1454 214 1492 maris
254 1454 401 1493 insulas
439 1454 542 1492 dicto
578 1465 648 1492 suo
683 1454 885 1493 audientes
926 1455 1231 1501 reddidisset,⁵2)
1266 1456 1353 1495 Deli
1387 1469 1540 1506 quoque
1574 1459 1614 1496 in

99 1515 298 1555 Pisistrati
337 1517 462 1555 locum
505 1517 738 1555 successisse
780 1521 897 1566 atque
939 1518 1177 1568 npooraoc'av
1216 1520 1353 1568 templi
1399 1521 1612 1569 arripuisse

97 1579 263 1618 videtur.
336 1579 540 1619 Traditum
575 1593 667 1619 sane
704 1586 763 1620 est
798 1594 882 1620 esse
918 1583 967 1620 ab
1003 1595 1047 1622 eo
1084 1584 1196 1622 ludos
1235 1585 1408 1633 Apollini
1442 1585 1614 1624 celebra—

94 1646 157 1681 tos
186 1647 225 1681 et
250 1644 389 1682 eximio
423 1643 578 1692 quidem
612 1648 821 1692 apparatu:
850 1657 937 1684 nam
972 1650 1010 1684 et
1035 1646 1234 1685 Rheneam
1268 1648 1434 1686 insulam
1466 1649 1613 1687 catenis

97 1705 147 1744 ad
174 1706 315 1744 Delum
341 1705 479 1744 ferreis
506 1707 709 1755 religatam
737 1707 809 1746 deo
839 1707 1050 1756 dicavit,⁵³)
1087 1714 1124 1747 et
1153 1721 1265 1748 sacra
1291 1711 1379 1758 ipsa
1406 1711 1611 1759 praeclara

99 1780 183 1807 eum
212 1768 350 1808 fecisse
378 1768 666 1818 magnificentia
693 1771 953 1809 testimonium
983 1771 1108 1810 habeo
1137 1772 1251 1820 illud,
1290 1773 1393 1822 quod
1423 1773 1529 1812 dedit
1557 1775 1613 1812 in-

99 1833 332 1880 terroganti,
369 1843 459 1870 num
494 1837 597 1871 esset
625 1832 697 1871 deo
726 1837 887 1881 accepta
915 1835 1161 1882 caerimonia,
1192 1835 1334 1884 Pythia
1365 1849 1612 1885 responsum:

101 1907 173 1933 »en
207 1895 278 1932 tibi
314 1898 353 1933 et
378 1894 494 1933 Delia
529 1899 568 1933 et
595 1895 836 1943 Pythia‹;⁵4)
873 1896 977 1943 quod
1014 1897 1167 1944 quidem
1204 1910 1248 1936 eo
1278 1904 1382 1937 certe
1412 1904 1470 1938 est
1498 1912 1614 1938 sensu

95 1957 259 2005 dictum,
294 1961 338 1995 ut
365 1956 599 2005 significaret
627 1969 743 1996 unum
773 1970 859 1996 eum
888 1958 1025 1997 fecisse
1054 1961 1238 1999 sollemne
1267 1967 1376 2001 tanto
1406 1969 1612 2011 apparatu,

96 2021 162 2069 qui
190 2021 251 2059 vel
279 2020 429 2059 duobus
458 2019 672 2067 sufficeret,
715 2026 853 2069 postea
880 2033 990 2069 vero,
1035 2035 1151 2071 quum
1181 2035 1256 2062 non
1285 2026 1340 2064 ita
1368 2027 1488 2064 multo
1523 2031 1613 2075 post

93 2083 208 2121 Delia
243 2088 404 2132 peracta
441 2087 530 2122 ante
558 2083 701 2131 Pythia
735 2084 932 2123 celebrata
966 2085 1166 2133 insperata
1193 2091 1316 2125 morte
1346 2088 1524 2137 obiisset,
1562 2090 1612 2129 ab

97 2145 239 2184 Oroete
269 2145 447 2184 Sardium
484 2150 642 2194 satrapa
679 2147 784 2183 cruci
821 2145 990 2194 adfixus,
1026 2148 1219 2196 homines,
1257 2152 1411 2189 attoniti
1440 2157 1516 2191 tam
1552 2166 1611 2192 re-

92 2209 254 2257 pentino
289 2210 362 2247 viri
403 2208 614 2248 felicissimi
657 2211 781 2257 exitu,
826 2211 881 2248 ita
917 2212 1163 2260 interpretati
1206 2217 1313 2261 sunt,
1357 2217 1468 2263 quasi
1510 2221 1611 2256 tecte

185 2376 233 2417 ⁵¹)
260 2373 364 2418 Quod
389 2373 637 2410 demonstrare
662 2380 814 2411 conatus
846 2386 924 2411 sum
950 2376 1021 2411 alio
1055 2377 1120 2412 nde
1146 2377 1401 2423 logographis«
1437 2382 1610 2425 opusculo

90 2442 184 2478 meo,
207 2432 349 2467 rossica
372 2432 497 2476 lingua
522 2433 736 2478 conscripto.
876 2434 922 2478 ⁵2)
950 2435 1121 2470 Herodot.
1149 2436 1212 2481 III,
1239 2439 1390 2481 39sqq.;
1420 2440 1493 2473 122.

186 2490 234 2532 ⁵³)
259 2488 457 2534 Thucydid.
484 2489 548 2534 III,
578 2492 651 2525 104.
782 2492 828 2532 ⁵⁴)
855 2491 953 2526 Suid.
981 2498 1016 2527 et
1042 2492 1145 2527 Phot.
1174 2504 1200 2528 s.
1227 2505 1257 2528 v.
1286 2492 1416 2528 Πύθια.
1458 2495 1610 2531 Lexico-

93 2545 223 2592 graphi
247 2547 534 2591 interpretantur
559 2557 640 2582 eum
666 2552 701 2582 et
719 2547 825 2582 Delia
843 2555 877 2583 et
894 2548 1058 2594 Pythia
1084 2550 1245 2595 Apollini
1264 2550 1368 2586 Delio
1396 2551 1610 2597 celebrasse,

93 2602 189 2648 quod
227 2613 273 2638 ex
309 2603 389 2648 ipso
427 2609 524 2639 certe
561 2605 706 2640 oraculo
743 2605 836 2640 male
866 2605 1132 2642 confinxerunt:
1171 2607 1328 2643 comicus
1365 2609 1611 2644 tantummodo

91 2664 200 2706 poeta
227 2660 411 2696 Mercurio
440 2661 604 2707 polliceri
637 2662 757 2707 potuit
792 2664 911 2698 omnia
942 2669 1143 2700 ceterorum
1174 2665 1324 2700 deorum
1358 2666 1544 2701 sollemnia
1577 2667 1610 2702 ei

92 2717 318 2753 celebratum
341 2717 396 2753 iri.

1291 2780 1335 2816 2*
