1957 3293
893 316 1203 358 —186—

300 439 423 486 bis,2⁹)
452 440 494 479 L.
519 440 689 479 Licinius
709 441 908 487 Lucullus,
937 452 1022 480 cum
1051 442 1133 479 eius
1163 443 1265 479 esset
1283 439 1605 489 proquaestor,⁸⁰)
1634 442 1672 478 et
1690 439 1805 478 huius

299 505 420 551 ipsius
457 504 493 540 in
530 504 631 542 bello
668 504 933 542 Mithridatico
968 504 1084 552 legati
1118 504 1264 542 Fabius
1301 503 1341 541 C.
1380 502 1405 541 f.
1443 501 1722 545 Hadrianus⁸¹)
1766 507 1805 540 et

301 567 341 604 C.
366 567 542 605 Valerius
569 567 611 605 C.
633 567 656 605 f.
687 566 934 612 Triarius.³²)
991 566 1137 614 Quibus
1166 565 1431 614 adiungendus
1459 570 1518 604 est
1544 565 1587 604 L.
1609 564 1801 604 Caecilius

301 630 344 677 Q.
374 629 397 667 f.
428 630 608 668 Metellus
638 629 772 675 cos.³³)
803 634 853 675 (a.
877 641 911 666 u.
934 640 963 666 c⁴
996 634 1081 675 612,
1110 633 1152 666 ut
1181 629 1360 675 videtur),
1390 639 1622 676 quamquam
1650 627 1801 666 Ditten—

300 692 498 740 bergerffl)
528 694 680 731 titulum
709 692 759 730 ad
789 692 918 730 Paron
947 691 1300 737 insulam‘rettulit,
1329 691 1395 728 ubi
1422 691 1598 728 inventus
1627 693 1704 737 est3
1737 688 1806 727 sed

300 755 462 793 Protimi
492 756 717 803 epimeletae
755 754 1012 800 atheniensis,
1049 755 1114 801 qui
1149 754 1186 790 in
1221 754 1293 791 hoc
1329 754 1441 792 titulo
1474 756 1806 798 commemoratur,

300 829 437 856 nomen
466 829 567 856 nunc
595 819 633 855 in
663 819 738 856 alio
767 819 884 855 etiam
915 815 1110 863 exstat,³⁵)
1141 817 1206 864 qui
1235 807 1316 854 sine
1345 816 1461 855 dubio
1489 816 1540 855 ad
1559 815 1710 864 Delum,
1737 818 1804 857 ubi

303 886 361 919 est
390 882 552 928 dicatus,
582 883 762 929 pertinet.

402 944 624 982 Proximum
650 948 738 992 post
758 943 952 981 Romanos
979 943 1103 981 locum
1123 943 1162 979 in
1181 941 1399 990 frequentia
1418 942 1674 980 Athenienses
1694 947 1800 981 certe

303 1008 495 1053 obtinent,
539 1019 586 1045 ex
622 1007 797 1045 omnibus
832 1006 973 1052 titulis,
1011 1006 1076 1053 qui
1111 1004 1236 1043 adhuc
1269 1004 1414 1052 publici
1448 1005 1543 1043 iuris
1578 1008 1670 1042 sunt
1703 1003 1808 1053 facti,

302 1071 439 1118 collegi
477 1071 677 1118 sexaginta
704 1070 817 1107 unius
851 1080 1035 1117 pagorum
1066 1069 1218 1106 Atticae
1247 1068 1422 1115 nomina,
1460 1079 1621 1116 quorum
1647 1065 1810 1118 δημόται

302 1145 370 1181 per
412 1134 564 1171 brevius
603 1137 669 1171 aut
710 1133 860 1180 longius
902 1133 1087 1179 temporis
1122 1132 1287 1178 spatium
1324 1130 1410 1168 Deli
1453 1135 1542 1169 sunt
1573 1131 1809 1170 commorati.

303 1196 541 1243 Quamquam
571 1207 646 1234 non
675 1206 807 1232 omnes
836 1195 891 1232 illi
920 1195 1010 1242 pagi
1039 1194 1186 1241 pariter
1205 1192 1427 1241 frequentes
1449 1197 1675 1232 occurrunt:
1706 1197 1806 1241 sunt,

304 1260 368 1307 qui
399 1260 515 1297 semel
544 1259 655 1297 modo
685 1259 745 1297 vel
774 1259 832 1296 bis
862 1259 1117 1304 nominentur,
1147 1257 1212 1295 alii
1240 1268 1331 1295 vero
1352 1257 1579 1305 saepissime
1607 1256 1808 1305 appellan-

302 1327 382 1368 tur,
421 1322 628 1360 Marathon
664 1333 759 1370 prae
795 1321 952 1366 ceteris,
991 1319 1129 1357 deinde
1166 1319 1318 1365 Melite,
1355 1317 1554 1366 Cephisia,
1591 1318 1809 1365 Acharnae‚

303 1385 493 1432 Paeania,
530 1385 671 1432 Phlya,
709 1384 911 1432 Sphettos,
954 1382 1237 1430 Anaphlystos,
1281 1380 1446 1428 Sunion,
1490 1379 1809 1429 Cydathenae.⁸⁶)

303 1449 432 1496 Atque
469 1453 512 1486 ut
547 1448 762 1486 Homollius
797 1448 898 1484 inter
933 1446 1127 1484 Romanos
1168 1445 1314 1483 invenit
1353 1443 1558 1491 familiam,
1600 1455 1699 1492 quae
1739 1455 1811 1492 per

303 1523 445 1559 genera
474 1512 621 1559 aliquot
650 1511 738 1548 Deli
775 1509 935 1547 incoluit
969 1530 1018 1536 —
1055 1508 1255 1546 Sehiorum
1293 1511 1629 1552 (commemoratur
1661 1508 1809 1556 primus

304 1572 345 1611 C.
369 1573 506 1611 Sehius
535 1572 575 1610 C.
603 1573 626 1610 l.
657 1573 695 1609 in
726 1571 838 1608 titulo
869 1570 973 1607 brevi
1005 1573 1094 1618 post
1121 1569 1288 1607 insulam
1316 1568 1513 1608 redactam
1541 1570 1581 1607 in
1599 1569 1810 1608 Athenien-

303 1636 400 1672 sium
439 1636 622 1673 ditionem
661 1633 883 1682 scripto,³⁷)
925 1633 1063 1671 deinde
1098 1643 1218 1680 nepos
1252 1633 1334 1670 eius
1369 1632 1526 1671 Gnaeus
1561 1632 1629 1671 Cn.
1665 1631 1711 1679 f.‚
1746 1633 1811 1681 qui

302 1709 461 1736 uxorem
492 1698 658 1736 duxerat
686 1697 961 1743 Cleostratam,
998 1696 1223 1734 Philostrati
1251 1693 1384 1739 filiam,
1423 1695 1559 1744 Syram
1587 1706 1635 1733 ex
1663 1694 1807 1742 Arado,

302 1765 498 1808 postremo
529 1761 663 1799 horum
697 1760 798 1799 filius
810 1761 860 1806 3Β)
889 1760 930 1799 C.
961 1760 1097 1799 Sehius
1126 1759 1194 1797 Cn.
1224 1758 1248 1796 f.
1277 1759 1599 1806 Aristomachus),
1627 1759 1684 1796 ita
1711 1758 1812 1796 inter

303 1824 559 1862 Athenienses
590 1824 686 1862 duas
715 1824 903 1870 familias,
933 1824 971 1861 in
1001 1834 1097 1871 quas
1126 1822 1225 1859 idem
1255 1821 1378 1867 cadit,
1407 1821 1630 1870 Fougueres
1657 1820 1813 1858 investi-

303 1886 475 1935 gavit,³⁹)
506 1900 668 1935 quarum
697 1892 900 1926 stemmata
929 1899 952 1925 a
980 1898 1038 1925 me
1065 1891 1180 1925 aucta
1205 1885 1266 1923 hic
1287 1884 1501 1933 perscribo,
1529 1883 1661 1922 addito
1681 1883 1811 1930 tertio,

397 2029 442 2073 ²⁹)
479 2030 621 2064 Titulus
659 2041 749 2064 uuus
791 2029 946 2064 nondum
983 2033 1038 2063 est
1070 2027 1206 2072 publici
1239 2026 1327 2061 iuris
1364 2025 1499 2061 factus:
1541 2024 1603 2060 cfr.
1643 2023 1810 2060 Homolle

309 2086 510 2131 »Rapport«
541 2092 608 2121 etc.
634 2098 666 2131 p.
685 2090 740 2130 24,
766 2097 821 2121 no.
840 2089 899 2130 263
926 2085 1031 2120 alter:
1059 2085 1151 2119 Bull.
1177 2083 1210 2119 d.
1237 2083 1334 2119 Corr.
1361 2082 1453 2118 Hell.
1479 2081 1577 2126 VIII,
1603 2093 1636 2127 p.
1659 2083 1732 2117 172.

396 2144 441 2188 ³⁰)
468 2143 559 2177 Bull.
587 2143 618 2177 (l.
647 2143 743 2177 Corr.
771 2143 863 2177 Hell.
890 2142 952 2186 111,
980 2153 1012 2186 p.
1035 2142 1107 2176 147.
1246 2140 1293 2183 δι)
1319 2139 1409 2174 Ibid.
1436 2139 1498 2184 XI,
1525 2150 1558 2184 p.
1575 2140 1652 2174 268.

393 2200 437 2245 32)
470 2199 556 2233 Ibid.
585 2199 645 2243 XI,
673 2211 704 2243 p.
724 2202 800 2234 265.
941 2198 988 2241 ³³)
1013 2197 1101 2232 Ibid.
1126 2197 1189 2241 III,
1216 2208 1248 2241 p.
1273 2199 1344 2232 158.
1485 2196 1532 2239 ⁸⁴)
1558 2195 1813 2241 Dittenberger

306 2257 390 2302 Syll.
417 2257 582 2300 Inscript.
609 2256 735 2291 Graec.
763 2259 840 2299 238,
865 2260 937 2290 not.
957 2258 987 2289 4.
1082 2255 1129 2295 ³⁵)
1156 2253 1247 2288 Bull.
1274 2253 1306 2288 d.
1326 2253 1424 2288 Corr.
1451 2253 1544 2289 Hell.
1564 2253 1657 2298 V111,
1682 2264 1716 2299 p.
1738 2256 1812 2289 150.

396 2315 445 2353 ³⁶)
472 2314 604 2348 Eorum
643 2324 816 2358 pagorum
854 2318 992 2347 tantum
1027 2311 1241 2346 mentionem
1278 2310 1365 2355 feci,
1403 2321 1448 2346 ex
1482 2310 1613 2354 quibus
1646 2310 1810 2357 δημοτῶν

306 2377 561 2417 quaternorum
588 2371 640 2405 vel
668 2371 821 2415 amplius
847 2370 991 2404 nomina
1016 2374 1098 2404 sunt
1123 2368 1266 2403 tradita.
1465 2368 1510 2413 ³⁷)
1535 2367 1629 2403 Bull.
1654 2367 1687 2403 d.
1713 2367 1811 2403 Corr.

307 2430 399 2464 Hell.
427 2429 452 2473 l,
478 2440 510 2472 p.
530 2430 612 2471 2543
639 2428 700 2462 cfr.
728 2428 836 2462 etiam
862 2427 958 2471 VIII,
985 2439 1017 2471 p.
1036 2429 1080 2462 95
1105 2431 1141 2461 et
1166 2425 1315 2470 Ephem.
1343 2424 1466 2470 Epigr.
1491 2424 1553 2469 IV,
1577 2435 1611 2469 p.
1631 2426 1686 2460 43.

395 2487 441 2530 ³8)
467 2484 558 2519 Bull.
585 2484 617 2518 d.
644 2486 741 2519 Corr.
767 2485 859 2519 Hell.
886 2485 947 2528 xl,
974 2495 1005 2529 p.
1025 2486 1091 2519 272
1117 2488 1152 2518 et
1172 2482 1286 2528 ’1⁴¹9va
1312 2482 1373 2526 IV,
1399 2493 1432 2526 p.
1452 2483 1519 2517 463
1544 2481 1612 2526 (no.
1639 2481 1704 2527 1⁷).

395 2545 440 2588 ³⁹)
467 2543 557 2578 Bull.
591 2543 622 2577 d.
650 2544 746 2578 Corr.
776 2543 866 2578 Hell.
894 2543 963 2586 XI,
990 2554 1023 2587 p.
1046 2544 1113 2576 258
1138 2546 1173 2576 et
1197 2543 1276 2576 264.
1325 2539 1629 2584 Hephaestionem
1658 2537 1814 2574 Artemi-

306 2602 382 2637 dori
409 2602 430 2636 s.
458 2601 675 2645 fratremque
702 2602 778 2635 eius
807 2600 1082 2643 Artemidorum,
1108 2599 1193 2633 item
1218 2597 1406 2632 Nicionem
1431 2596 1583 2632 alterum
1601 2595 1766 2631 Nicionis
1789 2595 1812 2630 f.

308 2659 517 2699 Fongueres
545 2659 631 2693 dicit
659 2670 736 2693 esse
769 2659 908 2693 functos
935 2656 1268 2702 lampadarchorum
1296 2659 1332 2689 et
1358 2653 1714 2699 gymnasiarchorum
1738 2663 1813 2688 mu-

306 2716 451 2750 neribus
478 2716 572 2750 ludis
599 2716 804 2759 Hennaeis,
829 2726 908 2749 eum
936 2713 1147 2759 paedotriba
1172 2717 1267 2748 esset
1293 2712 1438 2747 Staseas
1463 2710 1638 2746 Philoclis
1663 2710 1686 2746 f.
1711 2709 1813 2746 Colo-

307 2774 445 2819 nensis,
477 2784 583 2817 quem
609 2773 739 2809 scimus
767 2771 952 2817 Sarapidis
985 2770 1205 2806 sacerdotem
1231 2769 1342 2804 fuisse
1372 2768 1511 2813 aliquot
1534 2772 1617 2804 ante
1642 2766 1815 2804 Nausiam
