1979 3326
779 302 1091 344 —167-

185 423 366 469 ciderint,
402 429 508 464 recte
537 425 751 465 Homollius
791 432 861 465 100
891 426 947 464 dr.
984 426 1110 473 addit,
1145 430 1188 464 ut
1215 425 1308 465 fiant
1337 431 1411 466 950
1440 427 1555 473 dr.⁵³)
1613 427 1692 466 Sub

187 488 300 526 titulo
319 487 588 539 ἀναλωμάτων
607 488 709 526 κατὰ
729 488 1016 539 φηφάῑματα54)
1045 493 1295 527 recensentur
1315 491 1477 537 primum
1500 490 1695 538 stipendia

187 551 305 589 variis
325 552 456 600 templi
477 552 663 589 ministris
683 563 804 599 pensa
833 551 896 596 (de
928 551 1068 599 quibus
1097 563 1216 598 supra
1245 553 1422 599 exposui)
1452 557 1568 601 atque
1597 565 1694 591 mer-

184 613 298 652 cedes
321 614 508 662 operariis
528 614 749 662 persolutae
776 614 831 658 (in
852 613 910 650 his
940 613 1096 651 tabulae
1125 615 1290 661 pretium
1321 614 1370 652 ad
1399 614 1693 663 hieropoeorum

186 677 358 714 rationes
377 675 601 714 incidendas
621 680 782 724 paratae
811 698 860 703 —
890 681 963 715 250
984 676 1063 714 fere
1085 677 1171 723 dn),
1193 676 1331 715 deinde
1352 678 1547 725 impensae
1568 677 1692 716 factae

183 737 233 776 ad
262 738 568 785 Thesmophoria
595 737 845 784 celebranda,
877 739 916 775 in
946 739 1094 785 signum
1123 738 1276 776 Baccho
1307 738 1541 776 offerendum
1573 740 1692 787 (quod

184 812 260 839 non
282 800 346 837 hic
366 800 501 847 solum,
531 800 598 838 sed
627 801 781 847 saepius
810 801 849 837 in
877 801 1068 838 variorum
1099 811 1286 838 annorum
1316 801 1530 839 rationibus
1561 803 1693 850 appel—

183 863 287 902 latur
311 867 410 901 teste
430 862 700 908 Homollio:⁵⁵)
730 868 777 901 50
799 863 886 910 dn),
917 863 1084 911 denique
1112 864 1263 902 minora
1292 865 1491 911 quaedam.
1537 865 1693 903 Summa-

185 926 321 964 horum
349 927 516 964 omnium
545 929 672 964 exstat
697 926 917 973 perscripta
944 948 994 953 —
1022 931 1121 964 4103
1149 926 1205 963 dr.
1237 926 1309 971 3¹l4
1340 927 1438 964 obol.
1495 927 1631 974 Itaque
1661 929 1692 965 si

186 988 246 1026 his
267 988 442 1026 addimus
463 992 536 1026 950
558 987 614 1025 dr.
636 988 834 1035 superiore
860 989 987 1036 capite
1016 992 1270 1036 computatas,
1299 989 1470 1026 videmus
1500 991 1692 1037 impensas

186 1062 334 1090 annuas
355 1051 570 1090 ordinarias
591 1051 761 1090 effecisse
782 1052 912 1099 paullo
934 1053 1098 1099 amplius
1128 1057 1226 1090 5050
1247 1052 1325 1105 diu,¹
1348 1052 1486 1100 quibus
1517 1052 1691 1091 deductis

184 1125 208 1153 a
235 1114 427 1153 redituum
456 1125 602 1152 summa
630 1117 770 1160 (12435
793 1114 866 1155 dr.)
896 1115 1068 1162 reliquae
1099 1118 1188 1151 sunt
1216 1113 1295 1152 fere
1326 1116 1423 1152 7400
1446 1115 1500 1151 dr.

287 1177 346 1215 Ab
374 1177 634 1225 impensarum
663 1188 810 1214 summa
838 1177 977 1214 seclusi
1008 1176 1055 1214 ob
1084 1178 1254 1214 rationes
1284 1178 1357 1214 iam
1387 1178 1537 1225 longius
1572 1179 1691 1226 expli-

183 1244 293 1278 catas
322 1240 520 1288 pecunias,
551 1250 646 1287 quas
675 1242 718 1276 ut
746 1240 842 1277 alias
870 1240 926 1276 ita
945 1238 1111 1277 Demare
1141 1251 1294 1287 quoque
1324 1239 1509 1277 archonte
1537 1245 1690 1278 mutuas

183 1305 295 1344 datas
324 1305 464 1343 scimus
494 1309 532 1342 et
560 1305 708 1343 civitati
738 1309 854 1349 (1350
876 1304 932 1342 dr.
943 1303 990 1350 56)
1021 1303 1069 1342 ad
1098 1315 1277 1342 coronam
1299 1303 1480 1351 Philippo
1500 1304 1580 1350 regi
1602 1303 1691 1341 offe-

181 1367 358 1411 rendam)
388 1371 426 1406 et
445 1367 661 1406 hominibus
681 1367 918 1415 privatis:⁵⁷)
947 1366 1169 1414 penduntur
1188 1367 1260 1405 hae
1282 1367 1435 1415 quidem
1463 1378 1510 1405 ex
1539 1368 1690 1405 aerario

184 1441 307 1476 sacro,
337 1429 404 1468 sed
433 1441 510 1468 non
530 1433 620 1468 sunt
645 1431 802 1478 proprie
830 1441 996 1477 vereque
1018 1441 1223 1477 expensae,
1257 1440 1341 1467 cum
1371 1430 1482 1467 reddi
1512 1429 1689 1468 debeant.

181 1493 331 1531 Maiore
366 1493 450 1530 iure
478 1493 639 1531 miretur
666 1493 825 1540 aliquis,
864 1491 967 1540 quod
996 1492 1186 1529 omiserim
1218 1504 1389 1539 expensa
1417 1493 1455 1529 in
1485 1504 1605 1540 opera
1634 1492 1690 1531 fa-

181 1554 317 1594 cienda
353 1554 426 1601 (εἷς
460 1551 593 1605 ἔργα),
630 1567 791 1604 quorum
828 1567 975 1594 summa
1010 1559 1094 1594 erat
1129 1558 1227 1594 9703
1257 1555 1314 1594 dr.
1353 1561 1375 1594 2
1406 1555 1582 1602 obol.;⁵⁸)
1621 1555 1689 1593 sed

160 1618 277 1657 ·haec
296 1624 386 1659 sunt
406 1621 715 1660 extraordinaria
736 1620 944 1669 quaedam:
970 1624 1014 1658 ut
1032 1631 1265 1668 unoquoque
1286 1630 1386 1658 anno
1407 1621 1483 1658 sint
1504 1623 1542 1657 et
1571 1629 1689 1667 opera

179 1680 284 1721 facta
306 1687 344 1721 et
369 1685 555 1732 pecuniae
583 1695 740 1732 pensae,
770 1683 874 1732 quod
893 1683 1099 1721 verisimile
1131 1682 1295 1730 quidem,
1325 1685 1365 1720 at
1385 1683 1537 1720 minime
1558 1692 1688 1719 neces-

180 1746 325 1784 sarium
345 1750 416 1792 est,
444 1749 488 1784 ut
507 1747 709 1794 superiora
739 1746 877 1793 omnia,
908 1750 1037 1784 tamen
1057 1746 1120 1782 vix
1142 1746 1380 1793 persuadere
1408 1745 1500 1782 mihi
1528 1756 1686 1792 possum

179 1820 332 1857 semper
373 1809 532 1857 singulis
568 1809 678 1847 annis
713 1808 761 1847 ad
800 1814 844 1847 10
859 1814 933 1848 000
961 1808 1017 1846 dr.
1054 1820 1137 1846 esse
1174 1809 1246 1846 hoc
1287 1809 1439 1846 nomine
1482 1819 1686 1855 expensas,

181 1882 266 1910 cum
302 1875 506 1919 superaret
534 1871 629 1908 haec
658 1881 805 1908 summa
832 1871 1036 1918 pecunias,
1067 1881 1165 1918 quae
1195 1882 1215 1908 e
1243 1870 1432 1908 reditibus
1461 1871 1598 1908 annuis
1627 1881 1686 1907 re-

181 1934 340 1973 stabant
366 1956 416 1962 —
443 1933 610 1972 Demare
645 1937 749 1972 certe
778 1933 963 1972 archonte
992 1944 1022 1970 c.
1054 1938 1153 1972 2300
1182 1932 1238 1970 dr.
1268 1933 1355 1980 plus
1385 1938 1441 1970 est
1473 1943 1685 1980 expensum

180 2008 292 2045 quam
337 2000 549 2044 acceptum.
612 1996 712 2043 Quid
756 1996 802 2034 de
838 1996 1032 2044 Apollinis
1066 2007 1107 2034 re
1143 1994 1323 2033 familiari
1358 1995 1527 2033 futurum
1567 1994 1685 2033 fuisse

180 2059 326 2106 credis,
364 2060 396 2097 si
430 2070 662 2107 unoquoque
697 2070 797 2097 anno
832 2058 932 2097 idem
968 2057 1104 2096 fieret?
1160 2058 1374 2096 Homollius
1405 2058 1557 2106 quidem
1588 2057 1687 2095 dixit

180 2123 294 2161 etiam
327 2124 416 2170 post
450 2122 643 2169 impensas
679 2122 718 2158 in
753 2132 872 2169 opera
910 2119 1032 2159 factas
1071 2126 1170 2159 6000
1200 2120 1256 2158 dr.
1293 2121 1457 2168 amplius
1494 2121 1683 2157 restitisse

180 2196 200 2223 e
228 2183 416 2222 fructibus
445 2183 658 2230 annuis;⁵⁹)
688 2183 755 2222 sed
776 2185 905 2222 nescio
935 2184 1125 2231 quomodo
1154 2185 1192 2221 in
1223 2195 1394 2222 errorem
1415 2184 1595 2222 inductus
1626 2184 1685 2222 vir

179 2246 422 2286 doctissimus
443 2250 482 2285 et
500 2246 547 2285 de
567 2250 700 2285 nostro
729 2247 840 2284 titulo
870 2247 1012 2294 opt-ime
1041 2247 1200 2284 meritus
1229 2246 1418 2285 reditibus
1448 2247 1560 2284 huius
1591 2247 1681 2284 anni

179 2309 445 2349 adnumeravit
487 2314 587 2348 2820
616 2310 673 2349 dr·
710 2309 907 2358 depositas
942 2310 1029 2348 illas
1065 2309 1218 2357 quidem
1252 2311 1291 2347 in
1325 2320 1418 2348 arca
1451 2320 1564 2347 sacra
1599 2310 1682 2356 ipso

269 2467 314 2513 ⁵³)
339 2467 427 2502 Ibid.
454 2478 487 2512 p.
505 2469 561 2502 84.
698 2469 745 2511 ⁵⁴)
771 2468 912 2503 Demar.
933 2468 1029 2503 arch.
1049 2473 1114 2502 rat.
1133 2467 1192 2502 lin.
1214 2469 1388 2503 195-207
1414 2478 1494 2503 cum
1512 2467 1681 2503 Homollii

179 2525 450 2560 commentario:
481 2524 565 2560 ibid.
591 2536 624 2570 p.
643 2527 788 2560 82—84.
974 2527 1020 2569 55)
1048 2525 1179 2560 Charil.
1206 2524 1302 2559 arch.
1329 2531 1394 2559 rat.
1422 2525 1514 2560 ined.
1541 2525 1599 2560 lin.
1618 2527 1680 2565 37·,

179 2581 374 2618 Sosisthen.
399 2581 496 2617 arch.
522 2586 588 2616 rat.
615 2581 708 2617 ined.
734 2582 794 2616 lin.
811 2585 866 2617 50.
1005 2582 1051 2622 ⁵⁶)
1080 2581 1224 2615 Demar.
1249 2582 1345 2616 arch.
1371 2589 1436 2616 rat.
1456 2582 1514 2616 lin.
1534 2584 1679 2617 59-61.

269 2639 316 2682 57)
339 2638 428 2674 Ibid.
455 2638 514 2673 lin.
540 2641 676 2674 71-73
701 2644 737 2674 et
761 2641 943 2674 208—215
975 2639 1079 2681 (haec
1112 2644 1184 2673 tam
1216 2638 1342 2674 mutila
1374 2645 1474 2683 sunt,
1508 2645 1545 2673 ut
1579 2638 1679 2673 dubi-

178 2699 299 2732 tanter
322 2695 394 2731 huc
416 2695 595 2739 referam).
734 2697 781 2740 58)
805 2697 894 2732 Ibid.
921 2697 982 2732 lin.
999 2700 1136 2733 55-50
1161 2701 1197 2731 et
1221 2698 1368 2732 61—71.
1514 2696 1560 2738 ⁵⁹)
1585 2696 1678 2731 Bull.

179 2752 223 2789 de
247 2752 345 2789 Corr.
370 2753 463 2789 Heu.
478 2753 539 2800 VI,
564 2765 597 2799 p.
615 2756 670 2789 84.
725 2769 735 2779 -
