1979 3326
725 324 1008 366 -85-

220 453 316 491 Post
334 451 588 490 Timocratem
610 450 830 488 archontem
859 448 983 487 denuo
1009 461 1080 497 per
1107 449 1239 496 viginti
1268 447 1347 486 fere
1375 459 1495 486 annos
1516 448 1621 487 nulla

117 516 228 554 nobis
264 518 417 553 exstant
451 514 680 552 documenta
715 513 763 552 ad
803 514 890 551 Deli
926 512 1125 551 historiam
1161 512 1429 550 illustrandam
1467 516 1623 560 praeter

116 580 309 618 rationum
339 578 733 626 amphictyonicarum
764 581 802 615 et
830 577 1128 614 inventariorum
1152 587 1276 624 pauca
1304 575 1491 622 quaedam
1521 574 1622 622 frag-

117 646 263 690 menta,
302 641 440 690 quibus
476 652 552 678 non
579 641 740 678 multum
775 638 1006 687 proficimus.
1064 639 1147 677 Hoc
1181 643 1353 687 tempore
1392 650 1475 676 cum
1508 638 1621 675 Athe-

119 706 307 743 niensium
337 716 428 753 opes
458 704 559 743 bello
590 716 675 742 cum
704 705 836 751 sociis,
873 703 1010 741 deinde
1040 715 1123 741 cum
1155 703 1337 751 Philippo
1365 702 1621 740 Macedonum

118 780 208 816 rege
237 771 345 816 gesto
373 768 620 807 vehementer
654 767 821 806 afflictae
857 770 1002 814 essent,
1037 769 1120 806 visa
1149 771 1208 805 est
1235 767 1358 804 Deliis
1393 766 1527 813 templi
1562 766 1619 802 sui

116 831 371 879 recuperandi
401 843 489 879 spes
518 832 644 870 denuo
675 831 805 869 oblata
835 842 935 877 esse3
975 832 1106 878 itaque
1142 831 1270 868 statim
1307 833 1396 878 post
1425 829 1620 867 Philocra-

114 899 234 941 team,
263 906 361 942 quae
391 894 542 942 dicitur,
571 905 704 943 pacem
736 894 887 940 factam,
917 905 1002 931 cum
1022 893 1279 932 Macedonum
1307 905 1376 931 rex
1405 894 1480 930 iam
1509 904 1620 940 prae-

119 957 263 995 sideret
303 959 463 996 concilio
507 958 812 1006 amphictyoniae
848 958 1029 1005 Pythiae,
1072 958 1264 1005 legatione
1295 957 1467 1005 Delphos
1503 957 1620 994 missa

113 1020 276 1059 insulam
320 1033 426 1060 suam
469 1023 508 1059 in
543 1022 758 1060 libertatem
795 1021 990 1060 vindicare
1032 1023 1158 1060 eonati
1202 1026 1300 1059 sunt.
1363 1020 1619 1058 Athenienses

113 1088 241 1123 autem
270 1085 393 1133 primo
421 1085 662 1130 Aeschinem,
697 1085 926 1134 prohibente
954 1097 1044 1123 vero
1074 1085 1293 1133 Areopago,
1324 1085 1384 1122 cui
1413 1082 1507 1121 fides
1538 1084 1618 1121 eius

114 1151 296 1195 suspecta
325 1152 419 1193 erat,
449 1148 682 1197 Hyperidem
705 1152 895 1187 oratorem
915 1148 1109 1196 publicum
1138 1149 1348 1196 elegerunt,
1379 1147 1443 1195 qui
1471 1148 1509 1184 in
1530 1158 1618 1184 con-

113 1213 202 1251 cilio
223 1211 412 1259 Delphico
434 1223 589 1250 causam
617 1212 767 1260 patriae
789 1211 1015 1250 defenderet
1038 1223 1082 1250 ac
1104 1211 1388 1250 demonstraret
1406 1212 1465 1248 ius
1485 1210 1617 1257 templi

115 1274 407 1314 administrandi
436 1275 648 1322 antiquitus
680 1285 798 1322 penes
828 1274 1084 1312 Athenienses
1115 1273 1285 1319 esse.¹0⁹)
1344 1273 1428 1320 Qua
1457 1272 1503 1310 de
1534 1284 1617 1310 ora-

113 1339 218 1376 tione
248 1348 332 1375 cum
361 1338 436 1375 iam
465 1337 684 1376 doctissime
706 1336 914 1385 disputarit
934 1336 1239 1383 Boeckhius,¹1⁰)
1272 1336 1367 1374 nihil
1387 1336 1514 1374 verbis
1536 1337 1616 1373 eius

115 1401 258 1440 addere
287 1413 411 1450 neque
441 1413 598 1450 possum
625 1413 749 1449 neque
778 1401 883 1448 volo,
919 1401 1148 1449 praesertim
1180 1411 1265 1438 cum
1294 1411 1520 1448 persuasum
1550 1399 1616 1437 ha-

116 1465 240 1513 beam,
269 1468 312 1503 ut
338 1465 592 1503 Athenienses
612 1465 651 1502 in
672 1463 895 1514 διαδικασίᾳ
914 1465 1122 1511 vincerent,
1151 1463 1292 1502 factum
1323 1476 1406 1502 esse
1436 1475 1511 1501 non
1539 1467 1615 1500 tam

110 1528 320 1577 Hyperidis
357 1528 577 1576 eloquentia
612 1539 726 1576 quam
755 1528 925 1575 Philippi
962 1527 1271 1575 amphictyonum
1305 1528 1491 1575 principis
1528 1538 1615 1565 auc-

110 1592 282 1640 toritate,
312 1592 361 1630 ad
389 1592 497 1630 euius
525 1592 696 1630 rationes
724 1602 769 1630 ac
789 1591 950 1629 consilia
968 1591 1121 1628 minime
1150 1592 1348 1638 intererat,
1379 1602 1474 1639 quas
1503 1590 1615 1628 modo

113 1665 209 1702 pace
239 1665 322 1692 cum
347 1653 648 1692 Atheniensibus
677 1653 788 1699 facta,
818 1657 861 1691 ut
889 1654 974 1691 aliis
1003 1657 1158 1691 vacaret
1186 1654 1362 1700 negotiis,
1392 1665 1615 1702 composue-

110 1721 182 1764 rat,
211 1718 431 1756 inimicitias
461 1717 586 1756 denuo
608 1716 765 1755 conflari
785 1716 912 1754 insula
940 1716 987 1754 ab
1018 1717 1071 1753 eis
1100 1715 1332 1763 abiudicata,
1363 1727 1475 1764 quam
1504 1729 1615 1764 prae-

112 1781 262 1829 sertim,
300 1783 333 1820 si
368 1782 598 1828 retinerent,
635 1792 710 1818 non
746 1780 905 1817 multum
940 1780 987 1816 iis
1024 1780 1221 1827 potentiae
1259 1778 1412 1817 adferre
1447 1780 1614 1828 videret3

109 1848 313 1892 praeterea
346 1844 563 1884 libertatem
600 1844 799 1882 Deliorum
841 1844 1084 1891 pronuntiari
1121 1842 1271 1881 facilius
1308 1855 1419 1891 quam
1457 1843 1610 1882 defendi

109 1907 376 1955 intellegebat,
412 1919 496 1945 cum
525 1908 660 1946 classis
690 1906 944 1944 Macedonica
974 1906 1277 1944 Atheniensibus
1314 1908 1466 1944 minime
1497 1909 1611 1945 etiam

109 1982 181 2018 par
223 1974 336 2009 esset.
403 1970 540 2018 Legati
584 1971 701 2018 igitur
746 1970 849 2008 Delii
895 1969 1037 2007 infecta
1084 1981 1125 2007 re
1167 1969 1329 2018 Delphis
1376 1971 1504 2009 redire
1551 1983 1613 2009 co-

110 2033 186 2071 acti
215 2036 314 2071 sunt.

214 2101 335 2149 Quam
364 2101 567 2140 vehemens
604 2102 643 2139 in
681 2103 766 2150 ipsa
800 2102 926 2140 insula
960 2101 1075 2140 fuerit
1110 2104 1279 2150 partium
1310 2103 1612 2142 Atheniensibus

114 2170 152 2205 et
185 2166 392 2206 faventium
425 2171 463 2206 et
496 2167 782 2205 adversantium
819 2168 1033 2213 contentio,
1069 2168 1244 2206 conicere
1282 2167 1373 2204 licet
1409 2179 1428 2204 e
1459 2167 1613 2205 decreto

110 2229 275 2279 quodam
303 2231 436 2279 populi
465 2231 582 2276 attici,
614 2231 716 2278 quod
737 2232 952 2279 scripturae
979 2233 1198 2269 testimonio
1228 2231 1339 2268 nixus
1369 2230 1416 2268 ad
1447 2230 1612 2268 medium

109 2293 189 2332 fere
219 2295 413 2332 saeculum
443 2299 621 2343 quartum
648 2295 798 2332 rettulit
816 2295 1078 2340 Koehlei·:¹¹¹)
1108 2295 1262 2332 maximi
1292 2294 1457 2332 honores
1487 2293 1612 2332 confe-

112 2361 250 2395 runtur
278 2358 316 2395 in
342 2357 605 2396 Peisitheiden
624 2357 872 2395 Peisitheidis
902 2357 1018 2395 filium
1041 2358 1205 2399 Delium,
1236 2359 1300 2405 qui
1330 2358 1377 2394 ob
1407 2359 1611 2396 amicitiam

110 2420 289 2459 videlicet
317 2432 408 2469 erga
433 2421 689 2459 Athenienses
719 2432 841 2469 paene
871 2420 1108 2467 interfectus,
1137 2421 1275 2459 deinde
1305 2421 1353 2459 ab
1383 2422 1545 2460 inimicis
1575 2423 1612 2459 in

110 2483 263 2521 exilium
299 2484 434 2531 pulsus
471 2487 571 2522 erat:
609 2488 647 2522 et
682 2485 765 2531 ipse
802 2485 957 2522 civitate
997 2484 1164 2522 donatur
1202 2489 1237 2522 et
1275 2485 1492 2533 quicunque
1528 2497 1611 2522 eum

202 2625 261 2670 ¹⁰9)
287 2625 516 2660 Demosthen.
550 2625 592 2660 de
625 2625 750 2659 Corou.
778 2636 810 2670 p.
837 2627 913 2661 271.
1079 2628 1138 2667 ¹¹0)
1164 2625 1370 2670 Erkliiruug
1402 2627 1500 2661 einer
1531 2627 1611 2661 atti·

110 2682 219 2718 schen
236 2682 409 2719 Urkunde
435 2683 523 2718 iiber
548 2683 612 2717 das
630 2683 828 2727 Vermiigen
849 2682 910 2718 des
937 2683 1081 2728 apollin.
1100 2683 1290 2727 Heiligtha
1317 2684 1373 2718 111.
1394 2684 1492 2718 Schr.
1513 2684 1550 2718 B.
1570 2685 1611 2719 V.

111 2739 132 2786 §
158 2739 279 2777 5—7.'
323 2740 393 2776 Cfr.
425 2741 534 2776 etiam
559 2741 703 2785 Sauppe
731 2742 869 2775 Orator.
904 2741 1001 2776 attic.
1029 2741 1080 2785 ΙΙ,
1114 2753 1147 2786 p.
1173 2744 1239 2777 285
1272 2748 1306 2776 et
1332 2742 1542 2776 Winiewski
1569 2742 1611 2776 de

110 2797 211 2833 Dem.
237 2803 325 2833 orat.
351 2797 394 2833 de
420 2809 492 2833 cor.
518 2810 551 2843 p.
583 2801 654 2834 138.
797 2800 854 2843 ¹¹¹)
881 2799 917 2832 C.
934 2799 959 2833 l.
974 2799 1016 2833 A.
1044 2799 1088 2844 11,
1111 2800 1208 2834 115¹&
