1979 3326
740 282 1050 322 —119-

143 404 358 452 constat,⁸⁵)
386 407 430 441 ut
456 403 625 442 dubitari
653 415 728 442 non
761 406 903 452 possit;
937 406 1047 444 initio
1075 417 1166 444 vero
1195 405 1340 443 saeculi
1375 406 1535 444 secundi
1562 417 1647 444 cum

145 467 377 515 aliquotiens
415 471 593 505 occurrat
629 468 828 515 collegium
868 473 1052 516 quattuor
1091 468 1389 515 hieropoeorum
1430 480 1555 516 neque
1599 469 1650 506 sit

142 531 348 568 verisimile
376 530 531 568 saeculo
559 530 646 576 illo,
675 530 780 577 quod
806 531 1013 569 intercedit
1039 532 1140 568 inter
1169 530 1373 568 Charmum
1404 538 1453 574 (a.
1485 535 1574 576 280)
1605 535 1643 568 et

140 592 345 631 Demarem
380 593 604 631 archontem
640 598 690 635 (a.
724 597 830 639 180),
873 605 957 631 esse
993 594 1232 630 imminutum
1274 604 1405 631 eorum
1447 604 1647 631 numerum

140 656 370 703 praesertim
407 655 670 693 crescentibus
704 656 744 693 in
779 655 860 693 dies
887 656 1021 704 templi
1050 655 1191 693 divitiis
1220 667 1383 703 cumque
1413 657 1508 693 satis
1537 660 1644 694 certa

139 718 290 757 ratione
310 721 492 766 quattuor
511 716 630 755 fuisse
651 717 738 754 Deli
758 718 897 765 phylas
917 718 1143 766 probavisse
1165 718 1257 755 mihi
1284 718 1428 765 videar,
1450 718 1643 757 Homollio

144 791 222 819 non
253 780 436 819 assentiri
468 791 545 818 non
579 791 737 827 possum
773 781 959 818 statuenti
995 782 1200 828 quotannis
1234 781 1464 828 hieropoeos
1493 785 1646 829 quater-

140 854 211 881 nos
246 854 332 881 esse
362 846 532 888 creatos,
561 842 654 880 licet
682 843 844 880 maxime
872 844 1009 880 mirum
1039 844 1088 880 sit
1115 843 1342 891 plerumque
1371 843 1551 881 binorum
1579 856 1645 882 no-

138 906 242 944 mina
282 903 427 944 adferri
468 905 580 943 etiam
620 905 660 942 in
694 906 946 952 pecuniarum
981 917 1186 953 rerumque
1223 906 1517 951 traditionibus,
1559 918 1644 944 cum

138 969 270 1015 ceteri,
298 968 365 1016 qui
391 967 566 1014 aderant,
595 968 843 1015 magistratus
872 969 1117 1016 appellentur
1145 970 1335 1015 universi;
1363 981 1489 1018 neque
1519 970 1643 1008 solum

139 1030 221 1069 bini
247 1042 401 1078 semper
427 1031 688 1077 nominantur,
718 1030 787 1068 sed
816 1031 932 1069 etiam
961 1031 1083 1069 eidem
1117 1043 1188 1079 per
1215 1036 1350 1078 totum,
1379 1044 1454 1080 quo
1483 1044 1642 1071 munere

138 1093 416 1142 fungebantur,
453 1104 594 1131 annum
623 1097 714 1138 (non
741 1105 813 1141 per
841 1099 1025 1132 semestre
1054 1095 1120 1132 alii
1147 1098 1190 1132 ut
1216 1094 1377 1142 Delphis
1403 1092 1642 1142 βουλευταί),

138 1161 182 1196 ut
214 1159 451 1206 reliquorum
487 1170 534 1195 ne
568 1159 722 1196 nomina
756 1158 908 1206 quidem
938 1162 1238 1205 cognoscantur3
1267 1161 1403 1195 contra
1431 1158 1463 1195 si
1490 1158 1642 1195 univer-

138 1232 221 1259 sum
241 1224 425 1269 quattuor
443 1221 611 1258 virorum
630 1221 834 1268 collegium
855 1221 1087 1268 appellatur,
1116 1231 1311 1268 nunquam
1330 1221 1388 1258 ita
1406 1218 1460 1265 fit,
1490 1224 1532 1257 ut
1559 1221 1636 1258 alio

134 1283 220 1322 loco
255 1283 417 1321 duorum
454 1287 604 1321 tantum
639 1284 794 1321 nomina
827 1282 1057 1329 afferantur,
1092 1282 1161 1320 sed
1196 1294 1347 1330 semper
1383 1282 1517 1321 eadem
1551 1294 1640 1322 con-

136 1346 282 1384 stantia
305 1346 476 1384 universi
500 1346 758 1383 nominantur.
791 1345 1049 1383 Nihilominus
1069 1345 1252 1383 Homollii
1272 1346 1463 1384 sententia
1488 1346 1641 1383 videtur

136 1407 374 1456 accipienda,
397 1419 483 1445 cum
503 1411 686 1456 quattuor
704 1408 873 1445 virorum
893 1407 1055 1455 collegia
1074 1419 1151 1446 non
1171 1409 1362 1446 continuis
1382 1409 1492 1446 annis
1521 1420 1640 1456 appa-

134 1473 262 1518 reant,
280 1474 324 1508 ut
343 1471 390 1508 de
409 1471 705 1509 commutatione
726 1469 889 1518 quadam
911 1481 934 1507 a
953 1471 1096 1518 populo
1117 1470 1273 1508 decreta
1301 1472 1471 1518 cogitare
1499 1473 1638 1519 possis,

133 1533 203 1572 sed
222 1545 375 1581 semper
393 1532 474 1571 fere
493 1544 569 1571 uno
590 1544 689 1571 anno
708 1533 923 1579 interiecto,
944 1544 1019 1580 quo
1041 1532 1116 1571 duo
1145 1533 1342 1580 hieropoei
1370 1534 1636 1581 appellantur:

134 1599 320 1644 quattuor
351 1597 521 1634 virorum
558 1596 721 1643 collegia
749 1600 957 1633 occurrunt
984 1606 1085 1633 anno
1113 1595 1292 1633 Demaris
1320 1596 1516 1633 archontis
1546 1601 1637 1639 (180

131 1669 166 1697 a.
195 1657 283 1696 Chr.
313 1657 442 1706 n.)‚³⁶)
485 1657 623 1696 deinde
666 1669 742 1696 uno
782 1659 1012 1706 interposito
1049 1657 1199 1696 duobus
1234 1659 1424 1695 continuis
1461 1658 1637 1705 Oenei³⁷)

133 1723 173 1758 et
205 1720 398 1759 Phocaeei
434 1721 546 1758 annis
581 1723 672 1766 (178
708 1725 746 1758 et
785 1719 950 1766 177)‚³⁸)
995 1720 1161 1768 denique
1194 1725 1283 1768 post
1317 1720 1416 1757 idem
1451 1723 1636 1769 temporis

135 1783 303 1830 spatium
322 1783 471 1831 Polybo
491 1783 676 1821 archonte
696 1781 875 1830 (175),39)
894 1787 984 1830 post
1003 1794 1114 1830 quem
1135 1782 1247 1820 modo
1276 1782 1438 1820 duorum
1466 1785 1635 1822 virorum

129 1845 293 1893 collegia
318 1846 466 1894 scripta
493 1849 656 1884 exstant.

232 1906 329 1946 Cum
349 1907 569 1956 hieropoeis
589 1909 803 1946 arctissime
824 1910 1020 1947 coniuncti
1040 1913 1128 1947 sunt
1157 1912 1448 1956 quaestores
1469 1909 1632 1958 (ταμίαι)

128 1969 284 2018 duo,⁴⁰)
328 1971 395 2019 qui
434 1970 589 2019 publico
629 1972 782 2010 aerario
817 1976 1043 2020 praeerant,
1085 1976 1128 2009 ut
1161 1971 1217 2008 illi
1253 1982 1381 2009 sacro:
1422 1983 1498 2010 non
1533 1973 1633 2010 enim

217 2101 265 2145 ³⁵)
290 2100 323 2135 Ε
345 2101 547 2137 rationibus
570 2100 728 2136 nondum
752 2101 888 2145 publici
912 2101 1002 2136 iuris
1027 2101 1132 2136 factis
1153 2101 1354 2136 Homolh'us
1379 2101 1500 2136 attulit
1526 2102 1631 2147 (Bull.

127 2157 162 2193 d.
187 2157 286 2194 Corr.
310 2157 404 2193 Hell.
430 2158 497 2203 VI,
530 2169 565 2203 p.
590 2160 652 2203 58,
676 2163 748 2193 not.
774 2160 828 2200 2):
862 2158 1040 2202 ἱεροποιοὶ
1069 2159 1103 2191 οἱ
1135 2158 1194 2192 ἐπ’
1229 2156 1407 2204 ἄρχοντος
1433 2158 1631 2197 Λοσιξένου

122 2211 281 2260 Ἐλπίνης
306 2214 442 2258 Ἀνδριά
467 2214 523 2247 καὶ
547 2215 581 2248 οἱ
605 2216 859 2259 ουνιεροποιοί,
885 2215 980 2259 quod
1001 2221 1096 2251 certe
1116 2215 1186 2251 dici
1211 2226 1282 2250 non
1299 2216 1486 2260 potuisset,
1513 2216 1543 2251 si
1561 2216 1630 2250 duo

125 2276 265 2306 tantum
287 2271 451 2307 fuissent.
501 2271 678 2316 Quattuor
700 2272 808 2307 etiam
832 2272 1017 2317 hieropoei
1035 2273 1264 2308 nominantur
1281 2273 1433 2308 Char-mo
1460 2273 1631 2308 archonte

126 2329 171 2373 (a.
197 2330 266 2364 280
289 2338 322 2363 a.
347 2327 429 2363 Chr.
452 2329 510 2374 n.).
628 2328 673 2374 36)
699 2328 842 2364 Demar.
869 2329 967 2364 arch.
990 2336 1057 2364 rat.
1083 2329 1144 2364 lin.
1175 2333 1208 2369 l:
1234 2330 1413 2374 Amphicl.
1439 2330 1536 2364 arch.
1562 2336 1631 2364 rat.

124 2383 186 2420 lin.
216 2387 372 2420 10—12.
511 2385 559 2427 ³⁷)
583 2385 763 2430 Amphicl.
795 2385 892 2420 arch.
924 2391 990 2420 rat.
1016 2386 1076 2420 lin.
1107 2388 1271 2422 15—17:
1303 2387 1475 2430 ἱεροποιοὶ
1507 2387 1542 2420 οἱ
1572 2387 1629 2420 ἐπὶ

128 2440 259 2480 Οἰνέως
275 2439 417 2486 Ἀμνος,
442 2441 669 2487 Ἄγόραλλος,
698 2441 877 2487 Χαρίλας,
903 2441 1151 2487 Χαρικλείδης
1184 2442 1245 2477 cfr.
1278 2442 1363 2477 ibid.
1396 2443 1456 2477 lin.
1482 2446 1628 2479 64—65.

215 2499 265 2542 ³⁸)
290 2498 380 2534 Ibid.
399 2498 461 2533 lin.
484 2501 634 2534 17—18:
662 2500 841 2543 ἱεροποιοὶ
865 2499 900 2532 οἱ
918 2499 974 2532 ἐπὶ
992 2497 1178 2538 Φωκαιέως
1194 2498 1478 2544 Ἀριστόβουλος,
1498 2499 1628 2544 Λύσης,

126 2555 359 2602 Δημοχάρης,
386 2555 604 2600 Δημόδοκος;
636 2555 698 2590 cfr.
724 2555 809 2590 ibid.
835 2555 895 2590 lin.
922 2558 977 2600 38,
1002 2557 1149 2600 62-63,
1174 2558 1320 2591 71-72.
1465 2557 1512 2597 ³⁹)
1537 2556 1626 2591 Ibid.

123 2611 184 2647 lin.
208 2614 355 2648 12-13:
388 2613 567 2656 ἱεροποιοὶ
591 2613 626 2646 οἱ
651 2613 710 2646 ἐπὶ
735 2610 908 2655 Πολύβου
937 2613 1224 2657 Ἀριστόβουλος,
1247 2613 1442 2657 Ἂιριδίων,
1472 2610 1625 2657 Κραταί-

121 2668 213 2711 βιος,
232 2667 442 2714 Ἂντίγονος;
467 2669 529 2704 cfr.
555 2669 630 2704 ibid
665 2670 726 2704 lin.
752 2672 898 2714 24-26‚
922 2672 1067 2706 67-68,
1184 2673 1232 2712 ⁴0)
1256 2670 1327 2705 Cfr.
1352 2671 1625 2716 hieropoeorum

120 2724 290 2771 rationes,
313 2726 457 2771 passim.
