1979 3326
742 303 990 344 -3-

116 428 294 467 habenda
337 429 387 466 sit
424 432 462 466 et
505 428 716 466 auctoritas
750 427 975 474 tribuenda3
1016 427 1177 464 multum
1212 428 1327 465 etiam
1362 427 1458 465 illud
1493 428 1528 466 ei
1562 428 1627 466 ob-

116 493 199 540 fuit,
229 493 432 541 quominus
463 492 531 530 has
569 492 816 540 quaestiones
845 492 1080 538 illustraret,
1117 489 1219 538 quod
1255 502 1317 528 res
1353 502 1424 538 per
1452 502 1493 528 se
1521 492 1627 538 ipsas

116 556 410 595 obscurissimas
440 557 604 604 caligine
643 555 809 604 quadam
838 556 1000 603 mystica
1037 554 1158 592 offusa
1185 555 1306 600 magis
1335 555 1533 602 magisque
1562 554 1628 592 ob-

117 620 306 667 scuravit,
337 631 455 667 quum
483 620 668 667 mysteria
696 618 883 666 quaedam
913 618 1117 666 indagasse
1147 618 1221 655 sibi
1248 619 1352 655 visus
1380 621 1500 665 esset3
1536 619 1628 666 quin

117 683 232 720 etiam
271 694 350 720 non
378 685 580 720 contentus
609 681 770 729 fabulis,
807 693 906 729 quae
942 681 992 720 ad
1026 681 1119 719 deos
1154 681 1265 719 nobis
1302 683 1474 729 cognitos
1511 683 1629 730 perti-

115 749 270 793 nerent,
306 746 402 784 alios
431 745 544 793 deos,
581 746 646 793 qui
675 750 764 783 ante
794 745 965 783 Graecos
1000 745 1039 781 in
1073 744 1201 782 insula
1235 755 1258 782 a
1289 744 1485 792 Pelasgis,
1523 745 1631 783 Cari-

119 810 191 848 bus
223 812 294 847 etc.
323 809 417 847 culti
446 812 589 855 essent,
618 809 657 846 in
685 809 810 847 lucem
837 808 1002 856 prodere
1032 811 1192 846 conatus
1222 812 1298 855 est;
1335 808 1496 855 accedit,
1528 808 1631 856 quod

117 884 294 921 magnam
322 873 395 910 viri
428 872 531 910 docti
565 872 820 910 eruditionem
856 883 1109 920 magnamque
1139 883 1295 920 operam
1330 877 1509 911 navatam
1545 874 1631 911 irri-

117 939 196 974 tam
222 935 351 973 reddit
380 934 545 973 audacia
572 936 612 972 in
631 935 760 973 verbis
788 936 1020 983 scriptorum
1048 935 1288 983 explicandis
1316 936 1502 983 adhibita,
1532 948 1631 985 quae

117 999 272 1037 modum
294 1010 441 1036 omnem
460 998 764 1046 transgreditur:
794 1002 837 1035 ut
857 998 1073 1046 exemplum
1094 998 1264 1046 afferam,
1295 1011 1341 1036 ex
1361 999 1519 1037 Homeri
1548 1012 1632 1037 ver-

118 1064 246 1111 sibus,
285 1064 352 1112 qui
389 1066 543 1100 exstant
570 1063 609 1099 in
639 1061 836 1109 Odysseae
878 1062 977 1100 libro
1013 1062 1302 1110 quartodecimo
1340 1065 1389 1109 (v.
1420 1068 1494 1101 402
1511 1068 1631 1112 sqq.):

121 1126 260 1177 »νῆσός
288 1140 346 1169 τες
375 1125 496 1176 Συρίη
531 1124 784 1175 κικλήσκεται
820 1123 880 1170 (εἴ
904 1139 974 1161 που
1003 1123 1175 1169 ἀκοὺεες)
1207 1123 1400 1176 Ὀρτυγίης
1438 1124 1632 1176 καθάπερ·

119 1190 211 1237 θεν,
247 1187 311 1226 ὅθι
340 1187 477 1240 τροπαὶ
512 1186 675 1239 &siloem
714 1188 787 1226 sibi
815 1189 1027 1236 persuasit,
1065 1191 1223 1226 auctore
1254 1189 1409 1237 quidem
1446 1201 1635 1228 commen—

118 1257 244 1292 tatore
282 1258 432 1301 vetere,
473 1253 591 1291 fuisse
627 1254 666 1290 in
701 1252 841 1300 Cynthi
875 1253 1016 1290 montis
1052 1263 1219 1291 caverna
1253 1253 1409 1301 adytum
1440 1253 1540 1292 Solis
1568 1267 1634 1302 pe-

119 1318 339 1365 rantiquum
376 1318 416 1354 in
452 1328 574 1365 eoque
610 1316 866 1364 quadrantem
902 1317 1085 1364 solarem,
1123 1328 1143 1354 e
1173 1328 1249 1364 quo
1284 1318 1452 1355 solstitia
1486 1317 1636 1356 definiri

119 1383 292 1428 possent.

226 1445 310 1491 Quo
339 1444 514 1492 exemplo
542 1444 730 1491 monitus,
768 1455 814 1481 ne
843 1444 1003 1491 propius
1039 1443 1087 1481 ad
1116 1443 1236 1481 solem
1272 1443 1459 1482 accedens
1494 1445 1635 1492 patiar,

124 1508 227 1556 quod
256 1507 422 1546 Daedali
449 1506 569 1554 filius,
606 1511 723 1545 totam
754 1507 853 1545 hanc
884 1506 1100 1544 fabularem
1128 1506 1328 1545 historiam
1357 1507 1395 1544 in
1424 1508 1550 1546 medio
1578 1520 1637 1546 re-

122 1571 308 1619 linquam,
338 1582 453 1619 quum
483 1575 521 1608 et
550 1583 597 1608 ex
626 1570 814 1617 omnibus,
845 1582 942 1618 quae
972 1570 1063 1617 dixi,
1091 1573 1225 1618 pateat
1252 1582 1329 1608 non
1356 1582 1471 1618 posse
1499 1583 1558 1610 me
1580 1584 1637 1619 ea,

123 1645 222 1682 quae
248 1634 463 1672 Gilbertius
491 1634 553 1671 vel
571 1633 763 1681 Lebegius
792 1634 1045 1681 investigasse
1074 1633 1148 1671 sibi
1177 1635 1248 1671 visi
1277 1638 1377 1681 sunt,
1406 1636 1445 1672 in
1476 1646 1639 1682 opuscu-

123 1697 202 1734 lum
230 1708 357 1734 meum
385 1700 428 1734 ut
457 1698 554 1735 satis
584 1696 787 1734 credibilia
815 1697 990 1744 recipere
1020 1700 1058 1734 et
1085 1696 1259 1742 taedeat,
1297 1709 1392 1745 quas
1429 1699 1638 1746 scriptores

123 1760 274 1807 antiqui
310 1760 439 1797 varias
476 1763 592 1807 atque
627 1760 852 1807 saepissime
887 1760 988 1797 inter
1023 1771 1063 1797 se
1097 1763 1291 1798 certantes
1320 1759 1470 1799 fabulas
1499 1773 1639 1800 memo-

124 1823 208 1860 riae
239 1822 494 1870 prodiderint.
526 1822 669 1860 eisdem
698 1822 826 1860 verbis
856 1822 980 1861 denuo
1010 1835 1206 1861 enarrare.
1254 1823 1334 1862 Eas
1355 1825 1473 1871 igitur
1491 1829 1639 1863 tantum

128 1885 299 1923 breviter
336 1886 539 1933 attingam,
577 1896 676 1933 quae
711 1885 760 1924 ad
790 1887 892 1923 vices
920 1885 1009 1923 Deli
1043 1886 1192 1924 insulae
1230 1887 1515 1934 cognoscendas
1554 1900 1640 1935 per-

128 1948 290 1986 tineant.

229 2010 402 2048 Primum
438 2010 541 2058 quod
578 2011 718 2048 attinet
754 2010 803 2048 ad
838 2012 946 2049 varia
981 2023 1116 2050 sacrae
1152 2013 1302 2051 insulae
1338 2015 1493 2052 nomina
1528 2026 1551 2053 a
1586 2015 1643 2052 di-

126 2074 247 2111 versis
291 2073 547 2121 scriptoribus
583 2074 753 2121 antiquis
789 2074 900 2111 nobis
935 2075 1100 2122 tradita,
1144 2088 1243 2124 quae
1279 2080 1317 2114 et
1354 2077 1565 2116 Gilbertius
1602 2082 1640 2117 et

126 2136 337 2184 Lebegius,
372 2137 510 2184 paucis
538 2137 719 2183 seclusis,
748 2141 791 2174 ut
819 2140 926 2175 certa
953 2137 1148 2186 dubioque
1179 2150 1255 2177 11011
1285 2140 1454 2178 obnoxia
1483 2153 1637 2190 recepe-

127 2203 237 2247 runt,
272 2200 312 2237 in
339 2199 412 2237 hac
440 2210 482 2237 re
512 2200 598 2237 illos
628 2200 738 2247 sequi
766 2211 841 2238 non
869 2211 1044 2248 possum:
1080 2205 1164 2239 tota
1193 2203 1292 2240 enim
1321 2203 1417 2241 haec
1446 2205 1639 2242 nominum

127 2264 266 2310 series,
297 2273 396 2311 quae
424 2262 672 2310 proverbium
704 2263 950 2300 vernaculum
983 2263 1085 2302 »Gut
1112 2264 1217 2302 Kiud
1246 2265 1313 2303 hat
1339 2267 1438 2304 viele
1466 2267 1635 2305 Namen«

129 2326 239 2374 quasi
269 2326 445 2373 exemplo
475 2326 670 2363 illustrare
699 2325 865 2372 videtur,
895 2338 941 2364 ex
972 2330 1083 2374 parte
1113 2328 1299 2365 seriorum
1321 2333 1471 2367 tantum
1493 2341 1641 2368 eorum-

128 2400 202 2436 que
231 2389 357 2426 minus
384 2387 459 2426 fide
489 2389 693 2436 dignorum
723 2389 859 2426 nititur
888 2391 1121 2437 scriptorum
1151 2392 1394 2439 testimoniis,
1424 2395 1564 2441 partim
1594 2406 1640 2431 ex

127 2451 315 2498 epitheto,
344 2462 368 2489 a
386 2455 502 2498 poeta
531 2453 661 2500 aliquo
682 2451 770 2490 ficto
801 2457 838 2490 et
866 2464 890 2491 a
909 2454 1077 2501 posteris
1107 2455 1206 2492 male
1235 2456 1445 2502 intellecto,
1476 2460 1561 2494 orta
1581 2462 1639 2495 est

127 2514 187 2552 vel
216 2525 236 2552 e
264 2512 366 2552 falsa
393 2514 552 2553 Homeri
582 2527 760 2554 versuum
796 2517 1119 2564 interpretatione
1149 2517 1355 2566 studioque
1386 2520 1513 2556 omnia
1541 2520 1642 2557 loco-

125 2581 211 2614 'rum
240 2576 415 2624 nomina,
451 2589 551 2625 quae
583 2578 685 2626 apud
714 2590 798 2616 eum
828 2580 1113 2630 invenirentur,
1142 2581 1192 2619 ad
1220 2581 1305 2618 loca
1333 2584 1644 2620 commentatori-

128 2638 200 2676 bus
227 2641 322 2677 nota
350 2640 583 2687 applicandi.

228 2700 334 2739 Inter
361 2703 516 2740 nomina
544 2713 620 2740 11011
648 2704 742 2741 satis
771 2702 889 2742 firmis
917 2705 1064 2743 munita
1092 2705 1332 2744 testimoniis
1367 2705 1510 2744 refero:
1553 2704 1647 2757 Ἀγά-

128 2763 278 2811 θουσα,
321 2765 361 2802 111
402 2765 532 2812 glossa
573 2766 820 2813 Hesychiana
860 2767 970 2805 nobis
1013 2772 1228 2815 servatum,
1270 2768 1335 2805 ubi
1377 2769 1451 2807 iam
1494 2769 1645 2817 pridem

1332 2829 1373 2865 1*
