1990 3326
999 291 1293 334 —12—⁴

386 406 535 442 tantum
564 406 602 443 in
631 407 768 447 insulis
797 410 985 450 dominari
1006 413 1230 463 diceretur),
1259 417 1327 455 sed
1346 427 1431 456 cum
1450 419 1677 469 insequente
1697 434 1782 462 esse
1802 435 1891 463 con-

387 466 619 512 iungendos:
650 469 792 507 τόσσον
820 468 883 508 ἔπ’
912 470 1103 512 ὠδίνουσα
1132 476 1238 513 ἵκετο
1259 476 1377 528 Λητώ
1396 483 1662 528 gravissimum
1690 489 1749 523 est
1776 497 1890 535 argu-

382 531 550 566 mentum
579 530 646 568 illa
675 543 808 571 vocum
838 533 983 578 ὅσσους
1011 541 1049 575 et
1077 538 1220 576 τόσσον
1248 543 1469 591 responsio,
1506 557 1604 593 quae
1633 551 1759 586 exstat
1788 550 1890 588 inter

380 601 411 626 v.
436 595 502 628 30:
532 589 680 635 ὅσσους
708 593 835 646 Iijmjrs
866 596 904 633 τ’
932 595 1045 641 ἐντὸς
1073 598 1242 652 ἔχεικαὶ
1263 601 1389 653 δῆμος·
1413 602 1576 657 Ἀθηνῶν
1596 612 1668 647 etc.
1700 614 1739 649 et
1766 622 1799 649 v.
1822 617 1887 650 45:

383 650 524 689 τόσσον
560 650 623 691 ἔπ’
651 653 846 695 ὠδίνουσα
880 659 984 697 ἵκετο
1020 661 1151 713 Λητώ.
1207 665 1335 712 Quare
1370 669 1403 705 si
1438 670 1612 710 versibus
1645 672 1704 711 his
1739 679 1887 713 certum

381 719 486 752 esset
515 716 682 757 describi
711 721 1035 771 amphictyoniam
1065 725 1253 765 deliacam
1284 730 1403 777 (quod
1425 743 1501 771 non
1521 744 1619 782 nego
1637 738 1791 783 poetam
1811 736 1888 775 for·

376 781 482 816 tasse
516 780 555 816 in
583 786 710 820 mente
739 783 957 833 habuisse),
993 788 1192 827 crederem
1220 793 1339 831 multo
1372 797 1589 842 posteriore
1616 802 1789 846 tempore
1820 811 1885 838 eos

377 843 537 880 carmini
559 844 738 893 insertos,
769 849 1039 896 antiquissimo
1068 863 1172 900 sane,
1203 854 1272 892 sed
1301 856 1424 895 eidem
1452 869 1535 897 cum
1564 861 1885 909 interpolatorum

375 904 503 952 culpa,
534 909 613 944 tum
634 908 848 948 scribarum
869 912 1113 961 neglegentia
1131 916 1269 954 mirum
1289 918 1328 956 in
1346 920 1500 959 modum
1528 924 1567 960 et
1592 923 1827 972 amplificato
1847 930 1886 964 et

371 1082 466 1106 mum
498 1078 602 1118 puto,
632 1075 669 1109 in
701 1075 762 1120 iis,
799 1087 887 1120 quos
922 1077 965 1113 de
1002 1080 1109 1115 rebus
1143 1081 1302 1119 Deliacis
1339 1086 1571 1132 conscripsit,
1607 1089 1669 1125 ubi
1705 1090 1882 1127 theoriam

370 1128 549 1172 publicam
584 1132 747 1167 omittere
781 1134 879 1168 nullo
911 1136 1015 1171 modo
1048 1142 1190 1181 poterat
1225 1140 1322 1182 (hinc
1347 1146 1462 1178 totum
1487 1144 1673 1182 Strabonis
1696 1147 1814 1183 locum
1837 1149 1881 1185 de

370 1185 541 1222 Harmate
575 1186 722 1224 fluxisse
748 1195 867 1234 puto),
901 1192 963 1227 sed
997 1204 1042 1228 ex
1075 1197 1248 1239 opusculo
1280 1199 1435 1242 quodam
1465 1201 1654 1249 desumpta
1684 1205 1772 1251 sint,
1810 1217 1880 1250 quo

369 1244 556 1287 tetrapolis
582 1244 889 1283 Marathoniensis
925 1261 983 1285 res
1023 1262 1144 1287 sacras
1181 1255 1347 1299 proprias
1384 1256 1598 1304 fabulasque
1634 1263 1878 1306 pertractavit.

368 1299 445 1341 Qua
477 1301 615 1337 ratione
641 1303 729 1337 mihi
754 1307 954 1348 persuadeo
981 1308 1228 1346 intercessisse
1261 1314 1440 1357 quandam
1465 1317 1605 1361 regioni
1629 1318 1714 1355 huic
1739 1324 1776 1355 et
1799 1331 1878 1355 cum

367 1358 509 1392 oraculo
533 1358 708 1403 Delphico
735 1366 769 1396 et
795 1372 875 1397 cum
901 1364 991 1399 Delo
1017 1365 1135 1401 insula
1160 1370 1479 1418 necessitudinem,
1509 1384 1581 1418 qua
1605 1374 1718 1422 fieret,
1744 1381 1784 1412 ut
1806 1377 1878 1413 huc

366 1419 400 1447 et
416 1413 498 1448 illuc
514 1414 670 1450 theodas
690 1428 773 1453 suas
791 1429 812 1453 a
826 1420 980 1463 publicis
994 1422 1154 1459 diversas
1172 1426 1365 1472 mitterent,
1379 1431 1592 1473 praesertim
1610 1442 1719 1476 quum
1737 1439 1878 1470 constet

365 1469 531 1505 habuisse
565 1474 757 1517 tetrapolin
792 1486 894 1511 sacra
926 1478 1048 1522 aliqua
1081 1480 1286 1526 cultumque
1323 1484 1471 1521 deorum
1503 1488 1559 1522 sui
1584 1490 1770 1534 proprium
1795 1502 1875 1526 cum

366 1536 384 1560 c
410 1527 659 1565 coniunctione
686 1538 855 1574 quattuor
879 1545 1052 1578 pagorum
1074 1538 1239 1584 arctiore,
1265 1541 1326 1584 qui
1353 1542 1461 1578 etiam
1485 1545 1694 1582 archontem
1718 1557 1874 1584 commu-

364 1593 443 1617 nem
463 1586 633 1621 creabant
653 1587 930 1636 (Dittenberger,
951 1592 1034 1637 Syll.
1053 1594 1163 1630 Inscr.
1184 1596 1310 1633 Graec.
1328 1599 1374 1644 H,
1391 1610 1448 1636 no.
1465 1603 1558 1647 304),
1584 1607 1659 1638 tum
1677 1605 1772 1649 quod
1788 1605 1873 1641 Phi-

364 1640 507 1675 lochoro
532 1641 641 1685 digna
673 1645 747 1680 visa
774 1654 873 1691 sunt,
909 1659 1000 1692 quae
1032 1650 1122 1686 libro
1155 1653 1329 1698 singulari
1361 1662 1643 1701 pertractentur:
1683 1666 1719 1697 et
1739 1662 1872 1700 scimus

363 1704 458 1732 certe
484 1698 542 1733 hic
568 1701 721 1743 primum
746 1702 938 1739 Herculem
964 1712 1003 1742 ut
1029 1707 1134 1743 deum
1159 1720 1237 1746 esse
1263 1712 1398 1747 cultum
1425 1714 1546 1758 (Paus.
1565 1716 1593 1761 I,
1615 1721 1666 1762 15,
1684 1720 1724 1763 3;
1749 1721 1804 1764 32,
1823 1722 1869 1765 4).

362 1754 497 1797 Quibus
515 1762 577 1790 aut
603 1758 683 1793 aliis
708 1760 908 1797 rationibus
934 1763 1112 1810 inductus,
1131 1766 1202 1801 iam
1220 1767 1432 1816 Gilbertius,
1455 1777 1494 1807 ut
1519 1783 1630 1818 supra
1654 1774 1741 1821 dixi,
1767 1786 1789 1811 a
1805 1788 1869 1822 pu-

360 1811 452 1845 blica
479 1816 679 1858 segregavit
713 1817 804 1853 hauc
836 1820 1011 1863 privatam
1036 1822 1386 1862 Marathoniensium
1411 1827 1604 1872 theoriam,
1636 1824 1703 1867 sed'
1725 1835 1869 1879 egregie

360 1868 503 1904 inventa
523 1872 642 1906 statim
670 1873 804 1920 obruit,
838 1887 946 1920 quum
972 1879 1100 1915 mirum
1125 1881 1161 1916 in
1193 1883 1335 1919 modum
1360 1905 1404 1911 —
1430 1886 1544 1931 ipsius
1570 1888 1678 1924 verba
1702 1891 1869 1936 perlegas

358 1926 461 1961 velim
488 1948 531 1953 —
556 1928 639 1964 huic
658 1931 830 1978 privatae,
858 1945 928 1969 non
955 1941 994 1970 ut
1013 1937 1117 1981 vulgo
1136 1939 1304 1985 creditur,
1330 1942 1497 1986 publicae
1514 1943 1792 1982 Atheniensium
1816 1948 1866 1984 le-

357 1983 491 2025 gationi
518 1996 642 2021 navem
669 1988 766 2023 illam
792 2001 930 2026 sacram
959 1994 1116 2040 Δηλιάδα
1143 1996 1326 2033 tribueret.
1365 1999 1460 2044 Quid
1485 2000 1602 2037 dicam
1627 2002 1670 2038 de
1695 2003 1866 2051 Lebegio,

356 2040 415 2082 qui
449 2042 615 2077 Gilbertii
648 2045 767 2081 libello
801 2058 871 2082 non
903 2050 1060 2093 perlecto
1094 2052 1130 2087 in
1163 2054 1306 2090 eosdem
1338 2056 1465 2093 incidit
1499 2069 1657 2105 errores,
1689 2071 1778 2105 quos
1810 2063 1866 2098 vel

354 2098 558 2143 cumulavit,
586 2102 702 2137 verbis
736 2103 807 2138 illis
833 2106 1012 2142 Athenaei
1040 2109 1121 2153 (VI,
1147 2121 1180 2154 p.
1200 2112 1322 2157 234e):
1360 2113 1398 2146 ἐν
1426 2114 1542 2161 Δηλίῳ
1567 2119 1785 2161 παρασιτεῖν
1811 2119 1864 2155 ita

354 2153 562 2200 intellectis,
590 2163 628 2191 ut
661 2158 727 2193 sibi
762 2162 996 2204 persuaderet
1025 2164 1136 2201 fuisse
1163 2169 1355 2211 quotannis
1387 2170 1476 2207 duos
1500 2171 1583 2208 illos
1609 2173 1782 2211 deliastas
1806 2177 1862 2212 vel

352 2221 546 2253 praecones
573 2225 591 2248 e
619 2214 757 2251 Solonis
785 2218 861 2261 lege
889 2221 927 2263 (l)
953 2221 1142 2259 derelictos
1168 2225 1250 2260 Deli
1284 2227 1321 2262 in
1352 2227 1473 2273 insula
1502 2229 1625 2274 ibique
1659 2233 1861 2278 sumptibus

351 2267 503 2310 publicis
530 2281 594 2313 per
618 2277 730 2307 totum
757 2274 888 2311 vixisse
914 2287 1061 2313 annum:
1089 2282 1193 2325 quasi
1212 2283 1340 2329 Δήλιον
1365 2285 1481 2329 possit
1506 2296 1664 2331 unquam
1688 2290 1860 2335 templum

350 2325 527 2368 Apollinis
554 2328 651 2363 Deli
680 2331 835 2374 positum
861 2334 1081 2378 significare!

440 2382 539 2420 Ilaec
564 2385 632 2420 iam
660 2387 791 2423 dudum
818 2391 952 2435 scripta
978 2399 1090 2440 erant,
1118 2407 1226 2440 quum
1251 2397 1288 2433 in
1313 2398 1468 2436 Hermae
1493 2401 1560 2437 vol.
1578 2401 1713 2448 XXIII,
1736 2415 1772 2450 p.
1789 2406 1854 2441 321

347 2437 415 2479 legi
454 2443 704 2479 commilitonis
742 2447 809 2481 mei
848 2448 1027 2493 Toepfl'eri
1061 2452 1342 2497 disputationem
1374 2456 1636 2505 doctissimam,
1673 2470 1746 2505 qua
1781 2465 1857 2497 tota

345 2494 433 2530 haec
460 2500 622 2541 quaestio
641 2502 819 2546 explicate
838 2512 1081 2549 pertractatur
1106 2515 1141 2545 et
1166 2510 1211 2546 ad
1228 2511 1346 2558 finem,
1371 2518 1412 2549 ut
1434 2514 1522 2550 mihi
1547 2515 1699 2563 videtur,
1723 2517 1855 2563 perdu-

345 2552 455 2597 citur,
488 2555 548 2589 sed
581 2567 688 2599 quum
721 2565 846 2595 auctor
881 2563 1119 2601 amicissimus
1151 2567 1300 2603 eandem
1325 2569 1400 2605 fere
1425 2571 1617 2615 protulerit
1639 2574 1854 2611 sententiam

344 2610 560 2649 (minoribus
598 2615 810 2657 quibusdam
847 2620 954 2655 rebus
993 2624 1192 2670 exceptis),
1232 2625 1367 2662 maiore
1404 2631 1543 2663 tantum
1580 2635 1760 2675 apparatu
1799 2632 1852 2668 in-

343 2672 513 2703 structam
531 2675 567 2704 et
583 2670 777 2718 defensam,
803 2685 873 2710 non
900 2677 986 2712 mihi
1013 2679 1127 2715 visum
1152 2686 1207 2717 est
1231 2683 1428 2728 quidquam
1451 2684 1640 2722 immutare
1664 2686 1702 2723 in
1727 2687 1850 2734 dispu.

343 2723 477 2760 tatione
503 2735 592 2761 mea.
