1979 3326
733 299 1043 339 —191-

137 431 336 459 commune
372 420 516 459 habent
550 443 619 467 —,
656 433 740 459 cum
777 426 891 459 antea
928 422 998 460 soli
1027 420 1252 470 Ἕρμαισταὶ
1287 433 1400 460 senos
1436 423 1641 469 quotannis

137 483 399 532 eligerent355)
433 495 557 532 neque
587 484 765 522 videntur
792 489 929 532 postea
957 485 1082 522 denuo
1117 485 1291 522 seiuncta
1320 496 1404 522 esse
1434 485 1529 522 haec
1565 485 1643 522 col-

136 546 256 594 legia,
291 546 473 594 quamdiu
509 547 662 594 quidem
696 551 990 594 permanserunt
1024 568 1073 573 —
1108 548 1146 583 in
1183 547 1358 584 omnibus
1394 552 1496 585 certe
1535 547 1640 585 dedi-

138 609 354 647 cationibus
384 613 451 647 aut
478 609 629 656 singula
656 610 880 646 nominatim
909 609 1156 656 appellantur
1185 614 1251 647 aut
1271 610 1488 648 nominibus
1511 622 1641 648 eorum

135 682 212 709 non
238 673 465 720 perscriptis
493 675 840 710 commemorantur
867 673 1041 719 magistri
1070 671 1283 709 duodecim.
1296 671 1348 718 ⁵⁶)

239 733 508 782 Segregandae
537 745 621 772 esse
651 745 674 771 a
701 733 873 780 collegiis
903 734 994 770 mihi
1013 733 1193 771 videntur
1222 738 1260 771 et
1289 732 1452 776 σὺνοὸος
1477 735 1644 785 μελανῆ-

135 795 270 846 φόρων
289 797 382 835 deos
402 797 602 845 aegyptios
621 796 827 834 colentium
836 795 884 842 ⁵⁷)
902 800 940 834 et
960 796 1036 834 alia
1057 794 1308 845 θεραπευτῶν
1329 796 1424 834 deae
1441 796 1642 844 Syriae.⁵⁸)

134 859 260 898 Erant
287 861 387 898 enim
414 859 641 898 sodalitates
669 860 862 897 hominum
889 859 1075 906 religione
1096 860 1284 898 communi
1310 860 1582 898 obstrictorum
1604 866 1642 899 et

135 921 184 960 ob
212 933 295 960 eam
323 933 490 970 causam,
523 933 753 970 quamquam
782 922 877 959 nihil
905 922 1088 960 traditum
1118 926 1177 960 est
1203 934 1227 960 a
1255 923 1509 970 scriptoribus
1538 925 1635 961 anti-

135 985 223 1033 quis
252 985 298 1023 de
333 985 392 1023 his
428 985 544 1023 rebus
579 997 738 1032 prorsus
773 986 1010 1031 tacentibus,
1046 986 1156 1033 longe
1195 986 1371 1023 diversae
1406 986 1585 1024 videntur
1619 998 1642 1024 a

133 1048 306 1096 collegiis
334 1047 524 1086 artificum
553 1053 592 1086 et
619 1052 875 1086 mercatorum
903 1048 1042 1096 fuisse,
1081 1050 1223 1096 quippe
1252 1060 1351 1096 quae
1392 1050 1565 1096 inprimis
1592 1049 1641 1087 ad

134 1111 354 1148 commercii
381 1111 571 1148 utilitates
598 1111 887 1159 persequendas
917 1115 1045 1149 essent
1072 1112 1251 1149 instituta
1279 1117 1395 1159 atque
1433 1123 1537 1150 more
1574 1124 1640 1150 an-

133 1173 296 1220 tiquitus
326 1173 530 1212 observato
559 1174 633 1211 sibi
661 1174 773 1212 deum
803 1175 993 1222 quendam
1032 1175 1249 1222 praesidem
1285 1175 1482 1221 eligerent.
1546 1175 1640 1213 Illae

134 1236 218 1274 sine
245 1237 430 1284 religione
457 1237 518 1274 vel
546 1238 821 1284 superstitione
850 1249 897 1275 ne
935 1238 1098 1285 cogitari
1134 1237 1287 1285 quidem
1323 1242 1505 1284 possunt,
1541 1238 1637 1276 haec

134 1310 181 1337 ex
212 1297 337 1337 officio
365 1303 527 1346 tantum,
555 1305 599 1337 ut
625 1301 680 1338 ita
708 1300 845 1346 dicam,
873 1305 1076 1347 patronum
1105 1312 1215 1337 suum
1245 1300 1440 1346 colebant;
1476 1301 1524 1338 ad
1553 1302 1640 1339 illas

134 1374 174 1400 se
203 1363 454 1411 applicabant
486 1364 647 1411 propria
675 1364 869 1401 voluntate
899 1363 1024 1408 ducti,
1063 1363 1112 1400 ad
1141 1362 1237 1400 haec
1266 1363 1503 1410 cogebantur
1531 1376 1638 1402 acce-

134 1425 246 1472 dere,
281 1426 314 1463 si
343 1427 539 1464 societatis
575 1427 803 1473 commodis,
839 1425 1032 1463 interdum
1069 1426 1182 1463 etiam
1218 1426 1301 1463 iure
1336 1428 1547 1474 praecipuo
1584 1429 1640 1464 uti

135 1487 332 1527 volebant:
382 1488 607 1527 Citiensium
642 1493 896 1527 mercatorum
939 1489 1158 1536 collegium,
1202 1488 1315 1536 quod·
1340 1489 1517 1537 Lycurgo
1554 1502 1638 1528 ora-

137 1554 223 1588 tore
251 1551 463 1590 clarissimo
492 1551 677 1590 suadente
705 1563 729 1589 a
756 1553 899 1600 populo
920 1551 1210 1589 Atheniensium
1238 1552 1406 1599 petebat,
1436 1558 1479 1589 ut
1501 1553 1639 1590 Veneri

132 1616 321 1661 patronae
350 1625 442 1653 suae
469 1615 655 1662 templum
683 1613 887 1653 aedificare
916 1614 1128 1661 liceret,⁵⁹)
1165 1615 1344 1653 exstabat
1371 1620 1496 1661 certe,
1533 1621 1639 1654 ante-

133 1687 248 1724 quam
267 1677 451 1724 templum
471 1679 684 1726 erigeretur
703 1700 753 1704 —
773 1676 937 1720 σύνοὸος
958 1675 1207 1727 θεραπευτῶν
1228 1678 1324 1716 deae
1345 1678 1492 1726 Syriae,
1525 1691 1637 1726 quam

131 1738 221 1777 Deli
249 1740 481 1787 invenimus,
520 1741 601 1778 sine
630 1741 773 1778 sacello
808 1746 846 1778 et
879 1741 985 1778 cultu
1019 1741 1113 1777 nihil
1150 1746 1272 1786 esset;
1309 1741 1480 1779 homines
1521 1748 1637 1787 certe,

132 1802 199 1849 qni
226 1802 265 1839 in
293 1801 408 1840 Isidis
437 1807 475 1841 et
502 1803 702 1850 Sarapidis
730 1803 1014 1854 μελανηφόρων
1043 1815 1239 1841 numerum
1268 1805 1388 1851 recipi
1418 1804 1636 1851 cupiebant,

131 1875 208 1901 non
237 1864 285 1902 ob
314 1866 428 1904 aliam
457 1878 610 1904 causam
640 1867 712 1905 hoc
741 1867 991 1914 expetebant,
1029 1868 1102 1904 nisi
1138 1867 1241 1914 quod
1277 1868 1392 1904 animi
1433 1867 1637 1905 beatitudi-

131 1938 217 1964 nem
245 1927 455 1976 adepturos
484 1941 524 1968 se
554 1941 638 1967 esse
666 1930 886 1977 sperabant.
944 1931 1003 1966 An
1034 1930 1104 1967 hac
1132 1931 1367 1977 cogitatione
1397 1935 1510 1977 putas
1546 1930 1637 1967 duc-

131 1992 192 2027 tos
219 1989 470 2038 philosophos
498 1992 597 2038 illos,
627 1993 691 2040 qui
720 1993 759 2030 in
787 1993 924 2030 Museo
953 1992 1204 2030 alexandrino
1234 1993 1433 2030 Musarum
1469 1993 1635 2031 thiasum

131 2053 418 2091 constituebant
446 2065 588 2102 easque
617 2054 815 2093 sacrificiis
845 2056 959 2093 etiam
989 2055 1194 2092 colebant?
1244 2055 1300 2092 Ne
1336 2056 1441 2092 illum
1480 2056 1631 2103 quidem

131 2113 265 2161 credo,
302 2117 367 2163 qui
395 2116 596 2155 Musarum
626 2118 807 2156 sacerdos
836 2123 921 2156 erat
949 2119 1106 2155 electus.
1170 2117 1228 2155 Sit
1256 2119 1366 2155 venia
1395 2118 1532 2156 verbo:
1577 2131 1635 2156 so-

131 2175 313 2215 dalitates
342 2177 390 2215 ob
418 2179 643 2226 religionem
671 2181 903 2217 constitutae
932 2181 1147 2227 comparari
1177 2185 1340 2227 possunt
1369 2181 1524 2217 mutatis
1554 2193 1633 2218 mu-

130 2239 260 2278 tandis
289 2251 373 2278 cum
402 2240 709 2280 Christianorum
738 2244 981 2281 monasteriis
1017 2251 1157 2290 (neque
1185 2241 1346 2280 fortuito
1376 2242 1516 2280 factum
1548 2255 1633 2281 esse

131 2301 258 2347 credo,
288 2302 391 2350 quod
417 2304 457 2341 in
482 2304 672 2352 Aegypto,
700 2304 765 2342 ubi
794 2306 956 2342 maxime
985 2304 1196 2343 floruerant
1225 2305 1338 2342 Isidis
1368 2309 1405 2342 et
1433 2305 1632 2353 Sarapidis

223 2461 268 2506 ⁵⁵)
293 2460 386 2496 Bull.
405 2460 437 2495 d.
456 2461 553 2496 Corr.
571 2461 664 2496 Hell.
690 2462 717 2505 1,
744 2473 777 2506 p.
795 2465 878 2506 2843
905 2463 1001 2506 VIII,
1027 2474 1060 2507 p.
1078 2466 1132 2498 96.
1227 2464 1273 2506 ⁵6)
1300 2463 1483 2498 Interdum
1501 2464 1631 2507 singuli

129 2517 292 2561 magistri
309 2523 512 2562 occurrunt,
538 2518 601 2553 sed
618 2523 703 2553 tunc
721 2529 784 2553 suo
805 2519 945 2553 nomine
963 2520 1182 2564 ἀναθήματα
1207 2519 1345 2554 dicant:
1372 2521 1462 2555 Bull.
1482 2521 1513 2555 d.
1534 2522 1630 2555 Coi-r.

130 2574 223 2610 Heu.
248 2574 346 2619 VIII,
370 2585 403 2619 p.
427 2578 490 2610 145
515 2580 551 2610 et
575 2575 637 2619 XI,
663 2587 696 2620 p.
716 2578 798 2612 269:
826 2576 885 2615 xl,
913 2587 945 2620 p.
964 2579 1048 2612 268:
1074 2577 1136 2620 xl,
1163 2588 1194 2621 p.
1213 2580 1290 2612 270.
1424 2579 1469 2611 δῖι
1495 2578 1532 2612 C.
1548 2578 1571 2611 1.
1589 2578 1630 2611 G.

130 2633 231 2675 2293,
256 2632 357 2675 2294,
381 2633 489 2675 22953
509 2631 623 2676 Ἀθήν.
641 2632 686 2676 11,
706 2643 738 2677 p.
763 2636 834 2675 134,
857 2637 889 2672 l:
916 2633 1007 2667 Bull.
1026 2633 1058 2667 d.
1078 2634 1175 2668 Corr.
1195 2634 1286 2669 Heu.
1306 2635 1366 2677 lv,
1393 2645 1425 2678 p.
1443 2637 1521 2671 318,
1547 2638 1632 2670 323:

130 2688 228 2734 VIII,
252 2698 285 2733 p.
308 2691 380 2724 103.
542 2689 587 2734 ⁵⁸)
610 2689 721 2736 ‘A197'u.
747 2691 808 2734 IV,
835 2702 867 2735 p.
885 2693 949 2725 461
978 2697 1012 2725 et
1037 2693 1121 2735 4623
1147 2691 1239 2726 Bull.
1267 2691 1299 2725 d.
1326 2692 1423 2726 Corr.
1451 2691 1544 2725 nell.
1571 2691 1630 2735 w,

129 2756 165 2792 p.
181 2747 260 2791 489,
285 2748 364 2791 492,
386 2748 466 2791 493,
491 2748 566 2782 601.
704 2747 752 2789 ⁶⁹)
776 2747 813 2782 C.
827 2747 854 2781 1.
870 2748 912 2782 A.
931 2747 976 2792 11,
1006 2750 1079 2783 168.
