1957 3293
894 299 1205 339 -174—

297 421 463 460 fortasse
499 423 538 459 in
573 433 649 459 uno
691 419 866 459 aedificio
908 422 1148 467 coniuncta),
1190 422 1372 469 templum
1407 420 1499 464 Διὸς
1533 420 1700 460 Κυνθίου
1740 422 1805 460 καὶ

301 482 451 533 Ἀθηνᾶς
473 482 699 530 Ιιύνθὰιςθθ)
719 485 758 520 in
778 483 928 530 Cyntho
949 489 1090 530 monte,
1111 489 1153 521 ut
1180 484 1468 531 cognominibus
1496 486 1572 523 iam
1599 485 1803 531 indicatur,

299 548 434 592 situm,
474 547 639 595 denique
668 544 887 590 Bacchi‚⁸⁶)
924 544 1277 591 Dioscu1·0rum‚⁸⁷)
1306 545 1498 593 Neptuni,
1533 546 1708 594 Panisoe)
1742 568 1805 594 —-,

301 609 481 647 videntur
506 610 799 658 hieropoeorum
828 609 1012 656 potestati
1042 608 1196 646 subdita
1224 608 1353 650 fuisse.
1383 620 1613 656 quamquam
1641 621 1662 648 e
1689 610 1806 648 ratio-

299 751 366 786 bus
390 751 462 786 bis:
495 751 555 785 lin.
579 754 642 786 156
673 751 749 793 (ubi
775 751 978 794 quindecim
1005 751 1193 786 drachmas
1219 750 1401 795 accepisse
1427 761 1465 786 se
1493 749 1707 795 profitentur
1730 750 1806 786 hie-

299 808 423 852 ropoei
450 808 488 840 ἐκ
515 809 706 852 θησαυροῦ
733 810 798 841 τοῦ
824 808 861 840 ἐν
889 806 1110 853 Σαραπιείῳ,
1140 808 1174 843 h.
1193 818 1222 842 e.
1247 807 1398 843 eandem
1423 817 1596 842 summam
1620 812 1730 851 atque
1761 817 1807 842 ex

297 875 427 908 magno
453 864 601 907 templo)
627 869 663 898 et
693 866 764 899 196.

387 923 434 965 8⁵)
459 921 605 956 Rudera
629 921 736 955 huius
761 920 885 964 templi
911 920 981 954 iam
1007 920 1144 964 pridem
1170 920 1314 964 cognita
1338 930 1361 954 a
1383 919 1542 963 Lebegio
1569 923 1653 954 sunt
1683 919 1807 964 explo-

297 984 377 1012 rata
395 983 429 1012 et
447 977 631 1020 descripta
656 975 692 1009 in
710 975 801 1010 libro
830 975 1078 1010 »Recherches
1096 987 1158 1010 sur
1176 975 1305 1010 Delos«
1332 976 1525 1020 inscript03
1550 975 1646 1010 idem
1670 975 1808 1020 aliquot

297 1034 421 1069 titulos
446 1033 577 1068 ibidem
604 1032 738 1077 publici
764 1032 853 1067 iuris
885 1032 970 1066 feeit
1002 1032 1046 1066 ad
1078 1033 1213 1067 cultum
1245 1033 1372 1067 horum
1406 1032 1554 1068 deorum
1584 1032 1806 1077 pertinentes

299 1092 379 1132 (No.
403 1095 540 1135 1-16),
574 1101 724 1134 quorum
750 1101 841 1125 unus
867 1097 914 1131 (n.
939 1093 977 1124 16
1005 1105 1048 1119 =
1071 1088 1182 1135 Ἀιῖήν.
1210 1090 1270 1133 IV,
1298 1101 1330 1134 p.
1348 1091 1427 1135 455)
1453 1094 1549 1124 certe
1575 1088 1621 1124 ad
1646 1094 1809 1134 tempora

298 1148 518 1193 reipublicae
544 1147 678 1181 liberae
705 1147 864 1182 deliacae
891 1146 1099 1181 referendus
1125 1153 1179 1181 est
1205 1158 1223 1181 e
1255 1147 1397 1182 nomine
1429 1146 1612 1182 archontis
1637 1146 1806 1191 Demeae,

299 1205 393 1250 quod
419 1205 469 1239 ibi
495 1204 660 1239 occurrit.
799 1204 843 1247 86)
870 1203 923 1238 De
949 1203 1015 1237 hoc
1041 1203 1132 1237 nihil
1157 1209 1257 1238 certa
1281 1203 1420 1238 ratione
1446 1209 1501 1239 est
1525 1202 1713 1247 traditum,
1745 1202 1808 1238 sed

299 1263 406 1297 dubio
433 1272 502 1296 non
529 1261 669 1296 videtur
695 1261 887 1295 obnoxium
913 1260 1023 1295 fuisse
1042 1261 1078 1294 in
1103 1261 1222 1296 insula
1247 1261 1418 1305 templum
1435 1261 1513 1296 eius
1531 1260 1807 1306 sanctissimum,

299 1331 379 1355 cum
405 1325 440 1354 et
465 1318 606 1363 ἄγαλμα
633 1319 665 1353 ei
691 1318 874 1352 dicaretur
899 1317 1091 1361 quotannis
1117 1318 1316 1352 Galaxione
1349 1328 1470 1352 mense
1506 1317 1614 1361 (Bull.
1639 1316 1683 1352 de
1709 1316 1807 1352 Corr.

299 1377 392 1411 Hell.
409 1377 469 1420 VI,
495 1388 527 1420 p.
546 1379 602 1421 83)
629 1381 665 1410 et
690 1375 863 1419 Dionysia
889 1374 1083 1409 secundum
1102 1374 1294 1418 Apollinea
1320 1379 1440 1409 essent
1464 1373 1622 1409 civitatis
1647 1373 1808 1409 deliacae

299 1433 531 1469 celeberrima
545 1432 637 1466 festa
655 1432 729 1476 (cfr.
746 1431 868 1465 titulos
882 1431 1124 1474 choragicos›;
1144 1437 1279 1474 quanta
1296 1431 1430 1475 pietate
1449 1430 1537 1466 deus
1553 1430 1663 1466 fuerit
1679 1430 1808 1475 cultus,

299 1497 356 1526 sat
380 1500 530 1534 magnus
555 1489 777 1523 demonstrat
801 1498 970 1522 numerus
996 1487 1178 1531 signorum
1204 1487 1298 1531 eius,
1331 1497 1482 1531 quorum
1507 1487 1725 1532 fragmenta,
1749 1497 1808 1522 ca-

300 1550 376 1594 pita
400 1548 564 1593 inprimis
589 1557 702 1590 usque
729 1545 774 1580 ad
799 1556 864 1580 nos
889 1545 1125 1588 devenerunt3
1159 1545 1202 1579 de
1234 1545 1364 1588 quibus
1397 1544 1460 1579 cfr.
1485 1544 1656 1579 Homollii
1686 1543 1808 1589 dispu-

299 1606 471 1640 tationem
500 1604 631 1638 »Notes
659 1614 719 1637 sur
744 1603 831 1637 trois
857 1605 948 1637 tetes
974 1601 1016 1636 de
1043 1601 1183 1636 marbre
1209 1602 1374 1637 trouvees
1399 1601 1421 1635 a
1440 1601 1571 1636 Delos«
1597 1601 1808 1646 inscriptam

299 1663 407 1705 (Bull.
435 1662 477 1697 de
504 1661 601 1696 Corr.
621 1660 713 1694 Hell.
729 1660 771 1703 V,
798 1671 830 1703 p.
848 1661 914 1694 507
936 1662 1057 1702 Π511).
1196 1659 1243 1699 87)
1269 1658 1526 1693 Dioscurorum
1552 1658 1696 1702 quidem
1720 1663 1807 1693 tem-

300 1720 397 1764 plum
423 1729 598 1762 nusquam
623 1718 657 1751 in
682 1716 796 1751 titulis
814 1715 1035 1760 reipublicae
1053 1715 1187 1749 liberae
1206 1720 1513 1759 commemoratur,
1539 1715 1601 1750 sed
1618 1714 1659 1750 fit
1675 1715 1808 1750 mentio

300 1777 471 1811 festorum
499 1776 728 1817 Διυςκουρίων
762 1773 919 1815 (Demar.
947 1773 1046 1807 arch.
1070 1777 1137 1806 rat.
1163 1771 1224 1806 lin.
1249 1774 1339 1815 187),
1372 1781 1465 1815 quae
1490 1771 1549 1806 vix
1573 1771 1650 1807 sine
1676 1771 1808 1807 sacello

300 1833 475 1868 celebrari
501 1837 686 1876 poterant3
712 1836 872 1875 tempore
899 1836 1018 1864 autem
1035 1828 1288 1863 dominationis
1307 1827 1439 1863 atticae
1457 1838 1598 1873 semper
1612 1827 1808 1863 Dioscuros

300 1889 499 1924 invenimus
525 1889 727 1933 appellatos
759 1897 831 1921 una
862 1897 943 1921 cum
969 1885 1127 1929 Gabii-is,
1160 1890 1200 1919 ut
1233 1885 1376 1919 minime
1409 1884 1498 1919 mihi
1522 1884 1645 1920 videar
1675 1889 1809 1920 temere

302 1952 459 1982 statuere
485 1946 522 1980 in
547 1955 616 1980 uno
643 1944 837 1987 eodemque
863 1943 995 1987 templo
1021 1953 1099 1977 esse
1125 1953 1186 1977 eos
1211 1942 1326 1977 cultos
1352 1942 1423 1976 iam
1447 1941 1520 1986 illo,
1549 1941 1593 1976 de
1618 1952 1688 1986 quo
1715 1953 1810 1978 nunc

302 2004 452 2047 agimus,
478 2009 637 2047 tempore
669 2001 778 2038 (infra
810 2000 1013 2044 opinionem
1038 2009 1153 2033 meam
1179 1998 1222 2033 de
1255 1998 1332 2034 deis
1357 1998 1413 2033 his
1446 1998 1593 2034 uberius
1618 2004 1810 2044 exponam)

302 2061 338 2094 in
364 2070 405 2095 eo
431 2059 575 2104 templo,
609 2058 703 2102 quod
730 2057 950 2092 Reinachius
976 2056 1205 2100 investigavit
1230 2055 1327 2090 haud
1351 2056 1477 2100 procul
1502 2056 1547 2091 ab
1571 2056 1676 2101 Inopi
1701 2056 1808 2101 ripis:

302 2117 364 2152 cfr.
391 2117 468 2151 eius
494 2115 774 2160 disputationem
802 2114 997 2158 »L'Inopus
1023 2119 1058 2148 et
1083 2113 1115 2148 le
1141 2113 1346 2148 sanctuaire
1372 2112 1435 2147 des
1461 2112 1629 2148 cabima«
1656 2113 1810 2158 inscrip-

302 2179 373 2208 tam
399 2173 506 2213 (Bull.
532 2173 574 2207 de
601 2173 697 2207 Corr.
724 2172 816 2206 Hell.
833 2172 910 2215 Vll,
937 2183 968 2216 p.
988 2173 1194 2211 329—373).
1333 2170 1380 2213 ⁸⁸)
1406 2169 1533 2214 Neque
1558 2169 1719 2215 Neptuni
1746 2181 1809 2206 ne-

303 2241 371 2274 que
390 2229 497 2264 Panis
524 2230 657 2273 templa
682 2229 854 2272 novimus,
881 2227 942 2262 sed
968 2227 1079 2262 fuisse
1105 2237 1148 2262 ea
1166 2227 1249 2262 Deli
1274 2225 1466 2262 verisimile
1485 2225 1626 2262 videtur
1650 2226 1695 2262 ob
1717 2227 1812 2263 festa

303 2286 339 2320 in
365 2286 533 2320 honorem
552 2296 684 2329 eorum,
713 2285 877 2319 ΙΙοσίδεια
895 2290 931 2319 et
949 2282 1097 2329 ΙΙανεῖα,
1123 2283 1305 2318 celebrata
1329 2303 1362 2308 —-
1384 2287 1474 2318 teste
1492 2282 1689 2319 Homollio:
1716 2283 1810 2319 Bull.

303 2342 346 2377 de
373 2343 470 2377 Corr.
498 2343 664 2387 Hell.V1,
693 2354 724 2386 p.
743 2344 798 2385 82,
824 2347 895 2375 not.
915 2345 936 2376 3
962 2347 997 2376 et
1023 2352 1055 2385 p.
1082 2344 1144 2375 144
1169 2340 1239 2384 (hic
1266 2339 1384 2375 adfert
1408 2349 1426 2374 e
1454 2339 1594 2384 Scylaci
1619 2339 1716 2375 arch.
1741 2340 1810 2375 inv.

304 2398 395 2433 ined.
423 2399 482 2433 lin.
502 2402 576 2434 57⁷*
592 2403 654 2444 63,
687 2400 746 2434 ubi
780 2406 1101 2434 commemorantur
1129 2398 1287 2437 Πανεῖαι.
1342 2398 1433 2432 Pani
1467 2398 1576 2433 etiam
1608 2398 1811 2444 Antigonus

304 2456 426 2490 Doson
459 2466 527 2490 non
559 2456 774 2499 dedignatus
801 2463 854 2491 est
886 2457 1030 2501 phialen
1063 2456 1184 2491 dicare
1216 2455 1252 2490 in
1283 2455 1416 2500 templo
1442 2455 1621 2500 Apollinis
1652 2466 1811 2491 asserva-

304 2518 395 2547 tam:
435 2512 578 2547 Demar.
613 2513 708 2547 arch.
744 2513 812 2547 inv.
846 2513 904 2547 lin.
930 2517 984 2547 48.
1034 2512 1351 2547 Commemoranda
1381 2513 1507 2548 saltem
1541 2518 1597 2548 est
1627 2513 1686 2549 hic
1718 2513 1813 2549 inter

305 2569 391 2604 deos
417 2569 563 2603 minoris
589 2569 775 2613 dignitatis
801 2570 912 2604 Vesta
937 2570 1021 2613 dea,
1056 2569 1113 2604 cui
1139 2569 1299 2604 videmus
1324 2569 1519 2605 turibulum
1551 2580 1630 2605 esse
1654 2569 1812 2605 dicatum

306 2626 462 2670 (Demar.
497 2626 593 2660 arch.
628 2626 694 2661 inv.
730 2627 789 2661 lin.
815 2631 890 2666 143)
943 2649 952 2651 >
1008 2626 1178 2671 templum
1210 2631 1306 2661 certe
1340 2637 1410 2662 non
1441 2627 1585 2672 habuit,
1618 2626 1681 2663 sed
1713 2637 1812 2663 aram

306 2693 455 2726 eamque
481 2683 517 2717 in
542 2681 721 2727 Prytaneo
748 2689 1003 2727 consecratam,
1029 2689 1069 2718 ut
1093 2694 1112 2718 e
1138 2683 1290 2728 nomine,
1317 2693 1386 2728 quo
1412 2683 1589 2729 appellari
1617 2683 1724 2730 solet,
1749 2693 1812 2728 ap-

306 2743 427 2784 paret:
451 2737 566 2773 ‘Eorta
592 2737 808 2783 Πρυτανεῖα.
