1979 3326
712 306 1024 346 —117—

119 429 286 467 minibus
324 433 457 468 notata
490 451 539 456 —
573 428 791 479 στησίλεια,
827 427 1017 479 γοργίεια,
1053 426 1355 478 mammeam&
1392 439 1623 476 quamquam

115 491 272 530 credere
296 492 387 530 licet
405 490 566 541 ποτήρια
594 492 672 537 illa,
703 503 800 539 quae
822 492 972 539 singula
1001 491 1205 539 quotannis
1226 491 1330 528 nullo
1352 492 1502 530 nomine
1531 503 1619 539 pro-

115 555 201 602 prio
236 554 368 593 addito
404 565 427 592 a
461 558 599 592 senatu
634 554 779 592 tradita
814 554 1012 600 dicuntur,
1051 554 1172 601 ipsius
1208 554 1360 591 nomine
1396 558 1623 592 consecrata

115 614 270 663 esseffl)

219 678 400 717 Senatum
429 690 513 716 cum
539 679 757 716 universum
787 689 894 716 suam
922 677 1104 716 habuisse
1131 678 1276 716 curiam
1297 676 1622 727 (βουλευτήριον),

115 752 191 788 quo
222 742 445 779 conveniret
466 741 515 779 ad
542 741 697 788 negotia
725 751 794 778 sua
823 740 1080 788 exsequenda,
1110 744 1190 777 tum
1221 751 1303 778 eam
1332 743 1493 788 partem,
1523 752 1621 788 quae

114 814 186 850 per
212 815 380 842 mensem
400 804 636 851 reipublicae
657 808 849 852 praeerat,
878 805 1038 852 proprio
1067 815 1178 841 usum
1207 815 1291 841 esse
1321 803 1549 853 πρυτανειζο,
1579 808 1622 841 111

113 877 186 913 per
213 877 253 904 se
288 870 585 904 consentaneum
616 871 693 913 est,
730 867 785 904 ita
815 870 852 904 et
877 864 1154 916 βουλευτήριον
1184 870 1221 903 61
1249 867 1473 914 πρυτανεῖον
1502 866 1622 904 1101111-

113 928 231 966 natim
259 929 389 966 multis
417 929 457 966 111
486 930 608 967 titulis
633 929 898 977 appellantur;
927 930 966 966 in
995 929 1060 967 illo
1087 929 1270 967 iubentur
1297 929 1430 977 populi
1461 928 1619 966 decreta

113 992 240 1029 omnia
273 992 480 1039 perscribi,
514 994 553 1030 in
588 993 710 1031 altero
749 993 889 1030 scimus
926 1003 1019 1030 vasa
1056 993 1150 1030 satis
1186 992 1306 1029 multa
1342 991 1390 1030 ab
1428 991 1611 1029 archonte

119 1058 320 1093 asservata
349 1067 433 1093 esse
462 1056 511 1093 ad
538 1054 638 1093 fest-a
665 1055 909 1094 celebranda.
921 1054 969 1099 28)

214 1116 467 1164 Magistratus
497 1117 668 1156 deliacos
698 1118 792 1156 satis
822 1119 961 1156 multos
990 1118 1164 1165 cognitos
1202 1117 1386 1156 habemus
1423 1131 1443 1157 e
1471 1119 1615 1164 titulis3

113 1178 180 1216 sed
207 1182 382 1226 potestas
402 1180 638 1227 singulorum
667 1192 765 1228 quae
795 1179 923 1227 fuerit,
954 1192 973 1218 e
994 1179 1212 1217 nominibus
1233 1191 1363 1218 eorum
1391 1182 1619 1229 plerumque

112 1241 366 1289 colligendum
403 1246 478 1289 est,
515 1241 781 1280 deficientibus
817 1242 1055 1280 documentis
1085 1242 1181 1279 aliis.
1241 1242 1330 1281 Duo
1364 1249 1491 1281 autem
1528 1248 1619 1281 sunt

112 1315 276 1352 genera:
305 1304 492 1343 ordinarii
520 1305 558 1342 in
588 1309 732 1343 certum
763 1312 926 1353 tempus,
954 1305 1180 1353 plerumque
1211 1317 1379 1343 annuum
1408 1307 1531 1344 creari
1561 1317 1620 1344 so-

110 1367 181 1414 liti,
211 1371 250 1405 et
277 1367 576 1406 extraordinarii
605 1380 675 1416 pro
703 1380 744 1406 re
775 1373 813 1406 et
840 1373 1012 1416 tempore
1041 1368 1091 1406 ad
1114 1367 1312 1406 definitum
1333 1380 1471 1407 munus
1506 1367 1620 1416 perfi-

112 1429 287 1468 ciendum
309 1431 431 1468 electi.
474 1431 544 1469 His
575 1431 807 1479 adiungendi
837 1435 937 1478 sunt,
968 1432 1032 1479 qui
1062 1442 1132 1468 sua
1160 1443 1201 1469 re
1230 1430 1410 1469 familiari
1440 1436 1615 1479 sumptus

112 1493 288 1541 publicos
319 1493 563 1531 sustinebant
591 1493 836 1542 λειτουργιῶν
861 1495 1024 1540 nomine,
1054 1494 1196 1542 aliique
1216 1495 1357 1542 privati
1388 1494 1618 1542 quibusdam

114 1554 251 1594 officiis
279 1555 444 1603 publicis
472 1555 603 1594 functi.
646 1557 680 1594 A
709 1556 847 1604 quibus
869 1557 1043 1594 omnibus
1075 1556 1303 1605 segregandi
1334 1562 1423 1595 sunt
1452 1558 1617 1595 ministri

110 1617 266 1666 quidam
292 1617 508 1666 inferiores,
539 1620 604 1667 qui
623 1619 800 1657 mercede
823 1619 1142 1658 conducebantur
1166 1620 1215 1658 ad
1245 1621 1397 1668 negotia
1419 1624 1525 1658 certa
1554 1632 1617 1657 ex-

109 1682 308 1730 sequenda
336 1686 373 1720 et
395 1686 513 1729 certe,
549 1694 779 1730 quamquam
803 1683 850 1720 de
879 1683 952 1720 hac
979 1694 1021 1720 re
1051 1683 1145 1720 nihil
1177 1687 1236 1721 est
1263 1684 1469 1721 memoriae
1498 1682 1616 1720 tradi-

110 1747 204 1791 tum,
231 1756 302 1792 per
330 1746 480 1794 longius
506 1747 692 1793 temporis
722 1746 901 1793 spatium,
931 1757 1046 1793 saepe
1077 1747 1191 1783 etiam
1220 1745 1386 1783 fortasse
1415 1757 1537 1793 usque
1567 1744 1616 1782 ad

109 1811 267 1846 mortem
297 1809 337 1846 in
365 1821 522 1848 munere
550 1809 814 1855 remanebant,
844 1810 874 1847 si
904 1809 1000 1847 bene
1023 1807 1188 1846 officium
1209 1819 1319 1846 suum
1348 1808 1613 1855 praestabant.

108 1871 190 1909 Iam
217 1872 303 1919 ipso
331 1871 403 1910 hoc
431 1871 583 1919 ordine,
620 1883 732 1920 quem
767 1871 880 1909 modo
909 1872 1114 1919 proposui,
1151 1882 1281 1909 omnes
1317 1870 1500 1918 deinceps
1527 1882 1614 1918 per-

108 1934 286 1973 tractabo
315 1935 494 1984 quodque
524 1935 571 1974 de
592 1936 752 1983 singulis
774 1935 833 1972 vel
863 1939 1007 1972 certum
1038 1934 1216 1981 cognosci
1247 1933 1306 1971 vel
1335 1944 1418 1970 cum
1448 1933 1614 1981 quadam

107 1997 396 2045 probabilitatis
425 1999 553 2047 specie
582 1999 759 2046 indagari
787 2001 928 2046 potest,
957 1997 1125 2036 afferam.

203 2129 251 2173 ²⁶)
274 2129 442 2174 Exempli
474 2129 592 2173 gratia
624 2128 735 2164 affero
767 2138 785 2162 e
820 2128 962 2163 Demar.
995 2127 1091 2162 arch.
1124 2128 1192 2162 inv.
1225 2127 1289 2162 lin.
1319 2130 1399 2164 131:
1438 2129 1613 2173 ποτήριον

116 2186 315 2231 στησίλειον
341 2186 544 2230 ἐπιγραφὴν
577 2185 673 2231 ἔχον·
699 2185 850 2229 βουλῆς,
882 2187 945 2228 τῆς
970 2185 1030 2218 ἐπ’
1056 2183 1230 2230 ἄρχοντος
1257 2182 1386 2229 Νικίου,
1414 2182 1614 2229 Στησίλεως

111 2243 286 2278 Διοδότου
306 2242 496 2278 Ἀπόλλωνι
516 2240 722 2288 Ἀφροδίτῃ·
749 2242 834 2286 ὁλκὴ
863 2237 1198 2283 ΡΔΔΔΓῚΗ.
1299 2241 1346 2283 27)
1371 2241 1440 2276 Cfr.
1469 2242 1611 2277 Demar.

108 2299 205 2336 arch.
231 2300 300 2335 inv.
325 2300 447 2335 multis
472 2299 572 2344 locis,
597 2304 637 2334 ut
661 2299 721 2333 lin.
754 2301 941 2334 173-175.
991 2299 1064 2333 Iam
1091 2298 1293 2333 Homollius
1319 2298 1409 2333 dixit
1444 2298 1550 2341 (Bull.
1579 2299 1610 2334 d.

107 2357 206 2392 Corr.
231 2357 325 2392 Hell.
351 2357 419 2402 VI,
445 2368 478 2402 p.
510 2359 584 2402 113)
618 2357 688 2392 duo
715 2367 847 2401 genera
879 2357 1062 2401 ποτηρίων
1089 2357 1303 2401 maeleim
1339 2356 1375 2390 in
1401 2356 1611 2391 inventariis

108 2413 302 2459 appellari:
336 2414 442 2449 unius
468 2414 641 2458 vasculis,
667 2424 817 2458 quorum
842 2413 985 2457 singula
1010 2424 1039 2448 c.
1065 2415 1108 2448 87
1127 2412 1177 2447 dr.
1204 2413 1375 2457 pendunt,
1401 2413 1610 2457 plerumque

106 2481 235 2507 nomen
259 2471 443 2507 donatoris
470 2472 612 2507 Stesilei
634 2471 780 2507 Diodoti
798 2471 820 2506 f.
847 2471 1002 2515 additur,
1029 2470 1189 2514 alterius,
1217 2480 1308 2514 quae
1326 2470 1473 2504 minoris
1499 2470 1610 2505 multo

107 2532 191 2564 sunt
214 2528 383 2573 ponderis
407 2549 453 2555 —
476 2531 522 2564 60
545 2529 615 2573 dn,
647 2539 847 2573 nunquam,
873 2534 912 2563 ut
936 2528 1027 2563 haec
1053 2537 1074 2562 a
1099 2533 1227 2562 senatu
1253 2527 1332 2572 ipso
1359 2526 1478 2561 dicata
1503 2527 1608 2562 facile

107 2584 233 2620 credas
259 2589 295 2620 et
321 2586 545 2630 »στησίλειαι
574 2596 643 2621 11011
669 2597 713 2621 ex
739 2585 922 2620 donatoris
953 2585 1094 2619 nomine
1121 2584 1321 2629 appellata,
1354 2584 1415 2618 sed
1442 2595 1485 2618 ex
1510 2591 1607 2619 certa

106 2642 242 2677 vasculi
274 2642 387 2678 forma
419 2644 471 2688 (ut
497 2644 730 2687 θηρίκλειον).
869 2642 914 2686 ²⁸)
940 2642 1041 2677 Illius
1066 2641 1118 2676 rei
1151 2651 1221 2676 non
1254 2651 1400 2676 necesse
1431 2647 1483 2676 est
1508 2642 1608 2676 testi-

106 2698 226 2733 monia
249 2698 402 2742 adferre,
426 2699 470 2734 de
496 2699 650 2734 vasculis
676 2704 795 2734 autem
820 2699 856 2733 in
878 2705 1050 2743 prytaneo
1069 2698 1262 2733 asservatis
1287 2697 1349 2732 cfr.
1376 2697 1499 2732 titulos
1525 2698 1607 2733 cho-

106 2755 264 2800 ragicos:
289 2755 383 2792 Bull.
409 2755 442 2792 d.
469 2756 567 2792 Corr.
593 2756 687 2791 Hell.
713 2755 792 2800 vn,
817 2766 850 2800 p.
881 2758 944 2791 109
959 2765 1035 2799 sqq.
