1979 3326
761 325 1074 366 —171—

164 454 315 500 gerent3
359 450 426 489 sed
463 451 591 488 statim
634 452 724 497 post
756 448 916 487 fractam
960 459 1088 486 eorum
1126 448 1423 486 dominationem
1459 447 1590 485 Delios
1624 446 1674 485 ad

168 513 300 552 debita
318 513 368 551 ab
387 513 574 551 insulanis
595 512 860 560 recuperanda
881 515 1036 549 coactos
1057 523 1140 548 esse
1160 512 1235 548 iam
1266 510 1427 548 vidimus
1458 510 1674 548 Ptolemaei

171 576 355 614 auxilium
375 576 592 623 implorare.
633 575 844 612 Fuerintne
865 575 992 612 omnia
1011 578 1116 611 recte
1137 573 1346 620 persoluta,
1369 585 1388 610 e
1410 573 1577 618 decreto,
1599 583 1674 620 quo

166 638 214 677 ob
246 649 354 686 opem
383 638 500 676 latam
530 637 722 675 Philocles
751 636 1005 682 collaudatur,
1036 648 1111 674 non
1140 636 1393 683 perspicuum
1423 640 1525 673 certe
1556 647 1575 672 e
1601 635 1677 672 De-

166 701 285 738 maris
311 699 526 738 rationibus
555 703 719 748 apparet
748 700 863 737 etiam
891 699 1036 737 liberae
1065 698 1302 746 reipublicae
1330 702 1515 745 tempore,
1547 709 1676 745 quam-

166 763 231 801 diu
251 763 290 800 in
308 763 572 801 insulanorum
592 763 778 800 societate
800 766 896 808 erat,
925 762 1109 809 pecunias
1131 772 1215 798 esse
1245 764 1355 798 extra
1384 761 1551 797 civitatis
1579 758 1676 796 fines

166 829 318 863 mutuas
338 825 461 871 datas,
491 836 652 873 quarum
673 825 876 862 maximam
897 828 1048 871 partem
1069 823 1184 861 credo
1206 835 1401 870 nunquam
1420 823 1563 870 templo
1591 834 1677 870 per-

167 889 350 934 solutam,
384 891 589 935 postquam
623 886 844 934 respublica
878 886 1026 924 deliaca
1056 885 1226 933 Philippi
1260 886 1362 933 regis
1398 889 1530 933 partes
1567 885 1677 933 sequi

167 952 228 990 vel
257 951 393 989 maluit
420 951 479 988 vel
509 954 567 988 est
586 953 740 991 coacta.

272 1014 434 1060 Quoquo
454 1012 566 1050 modo
587 1012 633 1050 de
661 1012 787 1050 causis
814 1011 974 1058 iudices,
1003 1010 1049 1048 de
1077 1021 1119 1047 re
1148 1011 1234 1057 ipsa
1262 1021 1338 1047 non
1366 1010 1457 1048 licet
1485 1010 1677 1057 dubitare,

170 1077 262 1126 quin
281 1077 357 1114 sint
376 1075 561 1123 pecuniae
583 1074 643 1112 dei
672 1075 852 1122 propriae
882 1073 931 1111 ad
960 1072 1155 1110 dimidiam
1186 1071 1266 1110 fere
1295 1077 1446 1120 partem
1475 1073 1676 1119 redactae3

169 1138 374 1177 fundorum
410 1149 563 1185 quoque
597 1137 730 1184 templi
765 1138 1032 1184 perspeximus
1068 1147 1267 1172 numerum
1304 1140 1408 1173 certe
1445 1147 1529 1173 esse
1559 1137 1676 1173 immi-

170 1204 323 1246 nutum3
358 1200 556 1239 domorum
593 1200 716 1238 solum
746 1203 784 1237 et
817 1199 983 1246 pretium
1018 1199 1184 1235 crevisse
1221 1201 1258 1235 et
1296 1209 1495 1235 numerum
1526 1203 1678 1236 auctum

171 1275 256 1302 esse
275 1263 456 1309 vidimus3
485 1266 656 1300 ceterum
676 1261 824 1300 reditus
845 1272 1010 1309 quoque,
1040 1260 1143 1308 quod
1163 1261 1277 1298 aliter
1298 1272 1381 1298 esse
1411 1272 1487 1299 non
1512 1265 1679 1308 poterat,

172 1325 222 1364 ad
241 1326 396 1364 tertiam
415 1325 495 1363 fere
523 1329 673 1372 partem
703 1335 871 1362 summae
899 1324 1001 1361 illius
1031 1323 1178 1361 redacti
1208 1329 1308 1369 sunt,
1338 1335 1450 1371 quam
1481 1324 1674 1372 quondam

172 1388 429 1426 Athenienses
453 1388 654 1435 percipere
675 1386 863 1425 solebant.
910 1385 1022 1423 Avidi
1053 1386 1200 1423 scilicet
1228 1389 1338 1423 erant
1366 1386 1553 1424 bonorum
1584 1388 1675 1425 alie-

174 1462 309 1489 norum
338 1451 614 1497 Athenienses,
650 1450 789 1499 quibus
827 1449 1185 1488 administrantibus
1222 1450 1342 1496 magis
1377 1448 1508 1487 floruit
1537 1450 1675 1496 opibus

174 1515 357 1562 templum
387 1515 590 1562 Apollinis,
620 1525 734 1562 quam
763 1513 942 1551 libertate
972 1524 995 1550 a
1022 1513 1221 1560 republica
1250 1512 1399 1550 deliaca
1429 1514 1678 1560 recuperata!

278 1576 354 1615 Sed
399 1589 446 1615 ne
488 1578 621 1615 iniusti
658 1578 775 1614 simus
812 1587 904 1623 erga
947 1576 1177 1623 hieropoeos
1213 1575 1402 1620 deliacos,
1443 1576 1680 1623 locupletata

174 1643 264 1678 sunt
296 1639 373 1678 alia
406 1641 555 1678 ratione
590 1651 720 1678 eorum
754 1639 898 1686 templa
937 1660 979 1665 —
1018 1639 1127 1676 donis
1163 1639 1318 1676 maximi
1355 1639 1471 1685 pretii
1507 1638 1595 1676 olim
1624 1639 1680 1675 in·

175 1703 298 1740 solitis
326 1713 350 1740 a
376 1703 531 1750 regibus
560 1707 598 1741 et
626 1703 800 1751 dynastis
829 1703 1132 1750 purpuratisque
1161 1713 1303 1747 eorum,
1333 1713 1356 1740 a
1384 1702 1531 1749 magnis
1563 1702 1678 1739 etiam

177 1765 396 1804 civitatibus
431 1765 557 1804 Rhodi
593 1771 632 1804 et
668 1766 926 1804 Alexandriae
969 1765 1128 1806 oblatis,
1171 1777 1268 1812 quae
1312 1764 1452 1802 omnia
1478 1768 1677 1802 numerata

177 1841 223 1869 ac
254 1841 377 1878 pensa
417 1827 600 1880 (σταθμῷ
630 1828 695 1865 καὶ
731 1827 897 1878 ἀριθμῷ)
939 1828 1110 1865 videmus
1145 1829 1184 1864 in
1219 1828 1342 1866 altera
1382 1828 1676 1875 hieropoeorum

175 1894 366 1932 rationum
399 1896 509 1941 parte
538 1893 827 1931 accuratissime
863 1892 1081 1939 perscripta
1109 1891 1324 1928 inventaria
1352 1891 1599 1937 templorum,
1641 1895 1683 1927 ut

177 1957 254 1995 iam
283 1956 374 2003 dixi,
403 1954 693 2000 continentem)
738 1955 822 2001 Qua
850 1955 888 1991 in
916 1957 1026 2001 parte
1053 1953 1328 2000 pertractanda
1355 1965 1399 1991 eo
1420 1953 1574 1990 brevior
1595 1963 1679 1990 esse

177 2030 355 2067 possum,
391 2019 493 2068 quod
522 2019 735 2057 Homollius
765 2017 1018 2063 omniafere,
1056 2029 1154 2065 quae
1185 2016 1231 2054 de
1269 2017 1322 2054 eis
1360 2016 1523 2054 dicenda
1561 2021 1681 2061 erant,

179 2093 326 2120 summa
365 2082 566 2130 diligentia
601 2083 842 2129 maximaque
885 2080 1099 2119 eruditione
1142 2080 1413 2117 commentario
1456 2090 1524 2116 suo
1568 2090 1684 2125 expo·

179 2144 331 2192 suit‚⁶⁸)
366 2145 549 2183 adhibitis
584 2156 736 2193 semper
769 2145 855 2182 aliis
891 2145 1033 2189 titulis,
1076 2155 1237 2191 quorum
1272 2155 1364 2181 usus
1399 2143 1489 2180 mihi
1527 2141 1682 2190 quidem

179 2218 255 2245 non
282 2210 399 2255 patet.

167 2315 180 2326 ,
282 2269 491 2308 Habebant
517 2269 714 2318 hieropoei
735 2280 866 2307 curam
886 2269 1072 2307 donorum
1101 2280 1177 2306 non
1198 2269 1332 2314 solum,
1370 2279 1469 2316 quae
1490 2269 1527 2304 in
1549 2278 1684 2314 magno

180 2332 372 2380 Apollinis
400 2333 556 2380 templo,
585 2332 653 2370 sed
682 2333 795 2370 etiam
825 2343 924 2379 quae
953 2332 991 2368 in
1020 2332 1105 2369 aliis
1137 2330 1323 2369 aedificiis
1344 2332 1382 2368 in
1404 2341 1513 2368 sacro
1536 2327 1686 2378 τεμένει

182 2395 265 2433 sitis
293 2395 603 2433 asservabantur.
666 2395 835 2441 Quorum
866 2395 1034 2442 quinque
1063 2395 1101 2431 in
1131 2394 1310 2431 Demaris
1341 2393 1536 2430 archontis
1566 2393 1684 2429 ratio-

181 2456 295 2495 nibus
328 2458 590 2495 nominantur:
634 2457 825 2505 Apollinis
860 2457 1061 2504 templum,
1099 2457 1367 2499 Artemisium,
1412 2454 1523 2496 λέὼς
1557 2452 1602 2489 οὗ
1640 2453 1686 2489 τὰ

182 2516 291 2565 ἑπτά,
318 2517 483 2567 πώρινυς
510 2516 628 2565 οἶκος,
657 2517 825 2568 Ἀνδρίων
855 2515 1026 2563 οἷκος.69)
1069 2520 1197 2565 Atque
1226 2518 1301 2555 tria
1329 2518 1460 2564 priora
1487 2519 1561 2555 iam
1591 2522 1685 2554 tem-

275 2661 323 2703 ⁶¹1)
345 2660 440 2695 Bull.
465 2659 509 2695 de
535 2659 632 2694 Corr.
659 2659 827 2703 Hell.V1,
853 2671 885 2703 p.
905 2662 1058 2694 29-51:
1084 2658 1184 2693 Dem.
1208 2658 1305 2693 arch.
1333 2658 1401 2693 inv.
1428 2658 1487 2692 lin.
1512 2660 1652 2692 1—216.

275 2718 323 2758 ⁶0)
347 2716 437 2752 Ibid.
462 2728 495 2761 p.
513 2719 682 2752 85—167.
783 2717 830 2757 ⁶⁹)
855 2716 998 2751 Demar.
1025 2715 1121 2751 arch.
1148 2715 1217 2750 inv.
1243 2715 1304 2750 lin.
1327 2718 1468 2758 1-155,
1500 2716 1687 2758 179-:316‚

190 2775 379 2820 177-1'18,
407 2775 481 2820 179,
510 2775 697 2810 155-177.
