1979 3326
727 265 1011 306 -25—

114 391 315 430 navalibus
357 391 543 431 florentes
577 391 805 439 Aeginetas,
846 391 1031 439 parvulae
1066 391 1214 429 insulae
1250 391 1397 430 incolas
1433 392 1625 440 sprevisse

116 466 162 493 ea
197 454 360 493 Delios?
402 456 468 504 qui
503 455 733 503 praesertim
775 465 970 502 nunquam
1011 454 1231 492 libertatem
1276 466 1382 493 suam
1419 453 1626 493 defendere

114 519 199 557 ausi
227 519 322 565 sint,
351 519 427 556 nisi
454 518 622 564 baculis,
652 517 953 565 Amphictyones
983 518 1131 555 scilicet
1161 517 1422 556 verberantes.
1478 516 1555 555 Sed
1584 521 1626 555 ut

115 581 324 620 concedam
359 585 435 620 tam
473 592 649 629 magnum
680 592 745 619 eos
773 580 955 619 habuisse
985 581 1172 628 animum,
1209 581 1354 618 Tenum
1393 592 1461 619 cur
1496 580 1628 629 profu-

114 647 260 693 gerent,
288 644 355 683 ubi
382 645 518 683 incolis
545 645 622 682 iam
647 644 858 682 Persarum
885 644 1048 691 imperio
1076 643 1304 691 parentibus
1334 643 1525 691 quomodo
1554 644 1628 682 tuti

115 719 199 746 esse
218 709 428 756 potuerint,
448 720 496 746 ne
515 707 690 746 hostibus
709 707 995 755 postulantibus
1016 707 1133 745 vincti
1158 706 1406 754 dederentur,
1435 718 1510 744 non
1532 707 1626 744 satis

113 770 335 819 perspicio?
392 771 497 818 Quae
527 772 559 809 si
593 774 697 809 recte
736 783 776 809 se
810 770 972 818 habent,
1007 782 1084 809 non
1120 774 1178 808 est
1214 781 1282 807 cur
1315 771 1516 817 miremur,
1553 781 1629 818 qua

115 834 162 872 de
204 845 321 872 causa
356 834 551 882 Apollinis
592 834 735 882 templo
773 834 917 872 Persae
952 834 1216 882 pepercerint:
1261 833 1464 871 devastata
1497 832 1546 870 ab
1581 833 1628 870 iis

114 898 236 936 multa
263 898 404 935 scimus
434 897 593 936 deorum
614 897 788 944 delubra,
818 896 886 935 sed
905 908 1094 945 nusquam
1115 897 1153 934 in
1174 896 1395 934 civit-atibus
1415 896 1475 934 vel
1496 896 1628 934 amicis

114 961 175 999 vel
209 960 312 999 ultro
342 960 412 998 sub
443 960 631 999 dicionem
661 960 919 1006 venientibus,
951 960 1091 1008 quibus
1121 960 1319 998 Deliorum
1348 972 1502 1008 quoque
1531 971 1629 998 rem-

115 1024 311 1073 publicam
342 1023 670 1062 adnumerandam
699 1023 983 1061 demonstrasse
1013 1023 1105 1061 mihi
1132 1023 1280 1070 videor,
1311 1024 1386 1061 nisi
1415 1025 1500 1072 quis
1529 1023 1628 1062 forte

115 1088 297 1126 coniiciat
342 1089 520 1135 exiguam
562 1099 692 1125 eorum
734 1087 899 1124 insulam
940 1090 1143 1134 tantopere
1186 1099 1270 1124 esse
1312 1098 1334 1125 a
1367 1087 1500 1125 Persis
1541 1098 1630 1125 con-

117 1155 315 1199 temptam,
344 1154 387 1188 ut
414 1162 461 1188 ne
489 1161 702 1198 praecones
733 1150 887 1198 quidem
915 1150 954 1187 in
982 1161 1064 1187 eam
1096 1149 1302 1188 mittendos
1332 1161 1416 1188 esse
1445 1154 1630 1198 putarent

117 1214 167 1253 ad
201 1219 343 1253 terram
380 1226 596 1262 aquamque
634 1213 928 1262 postulandas3)
978 1235 1024 1240 —
1074 1225 1172 1261 quae
1208 1217 1393 1262 quantum
1428 1213 1572 1251 distent
1606 1226 1630 1252 a

116 1278 315 1316 Deliorum
343 1276 497 1325 fabulis,
526 1289 638 1315 nemo
667 1280 736 1324 est,
767 1278 833 1325 qui
862 1288 938 1315 non
967 1277 1107 1315 videat.
1154 1277 1207 1315 Ut
1235 1278 1369 1325 paucis
1399 1278 1627 1315 sententiam

117 1354 241 1381 meam
292 1341 543 1389 complectar:
595 1339 686 1378 ficta
734 1345 792 1378 est
838 1352 861 1378 a
904 1340 1028 1377 Deliis
1076 1343 1159 1378 tota
1205 1340 1301 1378 haec
1349 1341 1540 1387 narratio,
1590 1344 1631 1378 ut

116 1405 292 1451 Datidis,
328 1404 470 1442 Persae
499 1403 665 1443 hominis
694 1407 810 1451 atque
839 1403 981 1450 hostis,
1019 1415 1110 1451 erga
1145 1403 1256 1441 deum
1292 1404 1534 1452 insulamque
1571 1415 1629 1442 sa-

117 1480 220 1507 cram
250 1468 489 1506 venerationi
513 1471 754 1515 opponerent
777 1467 1071 1504 Atheniensium
1101 1471 1138 1504 et
1166 1467 1410 1514 popularium
1442 1470 1479 1505 et
1508 1468 1630 1505 socio-

117 1543 202 1570 rum
237 1532 277 1569 in
313 1543 352 1569 se
388 1532 624 1569 vexationes.
685 1529 946 1568 Refelleretur
986 1530 1081 1568 haec
1113 1541 1199 1568 mea
1234 1531 1383 1578 opinio,
1426 1531 1458 1568 si
1493 1542 1631 1569 revera

118 1596 158 1633 in
191 1594 378 1633 donorum
411 1594 638 1632 inventariis
667 1593 845 1640 deliacis,
880 1598 923 1631 ut
950 1594 1142 1632 Homollio
1176 1595 1317 1641 visum,
1352 1605 1375 1632 a
1404 1594 1545 1632 Datide
1575 1593 1630 1631 di-

120 1661 208 1697 cata
236 1669 381 1696 corona
400 1669 519 1696 aurea
538 1656 766 1704 exstaretz4)
798 1668 1016 1705 quanquam
1038 1657 1151 1694 etiam
1173 1661 1276 1702 tunc,
1303 1656 1431 1703 credo,
1460 1656 1549 1694 huic
1568 1668 1630 1695 co-

116 1732 254 1768 ronae,
291 1722 421 1759 nescio
459 1721 597 1769 quibus
635 1722 675 1758 in
711 1720 871 1759 latebris
906 1732 977 1768 per
1013 1720 1088 1758 duo
1118 1720 1282 1767 amplius
1311 1720 1467 1758 saecula
1494 1720 1631 1757 latenti

117 1784 323 1832 subitoque
352 1785 391 1822 in
420 1785 545 1822 lucem
574 1783 713 1830 editae,
743 1783 962 1831 perniciosa
990 1786 1093 1820 esset
1113 1783 1325 1831 Eriphylae
1354 1783 1457 1820 illius
1477 1783 1630 1821 monilis

117 1848 323 1885 clarissimi
364 1847 603 1893 vicinitas;⁵)
646 1858 748 1884 nunc
788 1858 878 1884 vero
916 1858 963 1883 ex
997 1846 1191 1884 Homollio
1225 1847 1311 1893 ipso
1347 1845 1476 1884 audivi
1511 1844 1629 1884 fuisse

117 1922 202 1949 eum
231 1909 332 1949 falsa
359 1911 576 1948 litterarum
605 1921 727 1958 prope
758 1909 1006 1947 evanidarum
1036 1911 1164 1956 specie
1194 1909 1408 1957 deceptum.

222 1973 330 2021 Quae
360 1975 392 2012 si
420 1974 475 2012 ita
504 1985 544 2011 se
573 1973 730 2018 habent,
760 1973 973 2020 permansit
994 1972 1127 2019 Delus,
1158 1972 1285 2019 credo,
1316 1973 1428 2010 simul
1456 1984 1541 2010 cum
1570 1985 1630 2011 ce-

118 2037 211 2075 teris
246 2037 382 2075 insulis
417 2036 707 2082 adiacent-ibus,
751 2046 848 2083 quae
890 2036 1003 2073 etiam
1045 2046 1161 2072 naves
1204 2035 1251 2072 ad
1289 2035 1430 2073 Xerxis
1468 2036 1630 2074 classem

117 2100 269 2138 mittere
312 2103 469 2138 coactae
516 2102 623 2145 sunt,
662 2099 701 2136 in
733 2098 940 2136 Persarum
980 2102 1172 2145 potestate
1207 2109 1329 2145 usque
1371 2097 1421 2136 ad
1461 2110 1628 2146 pugnam

120 2163 226 2201 illam
257 2162 523 2209 Salaminiam3
568 2173 645 2210 qua
672 2161 774 2200 facta
811 2162 938 2199 statim
973 2161 1152 2199 videntur
1182 2160 1368 2209 Cyclades
1412 2162 1629 2200 libertatem

117 2226 324 2274 pristinam
368 2228 621 2274 recuperasse
662 2229 779 2273 atque
822 2224 871 2263 ad
916 2225 1139 2263 societatem
1181 2226 1349 2263 omnium
1393 2225 1629 2264 Graecorum

119 2298 360 2327 communem
391 2300 431 2326 se
465 2289 702 2337 applicasse,
740 2289 917 2336 quoniam
955 2288 1099 2336 tripodi
1135 2289 1190 2326 illi
1220 2288 1407 2336 Delphico
1445 2290 1631 2336 inscripta

119 2354 206 2389 sunt
236 2351 350 2389 etiam
381 2351 532 2400 aliquot
560 2352 824 2390 insulanorum
860 2351 1060 2398 1101ni11a.⁶)
1116 2352 1216 2390 Vere
1251 2355 1354 2390 certe
1390 2353 1629 2400 insequentis

210 2505 237 2550 3)
262 2504 427 2540 Exstisse
445 2505 650 2540 huiusmodi
668 2505 809 2549 aliquas
828 2505 956 2549 verbis,
983 2516 1075 2549 quae
1096 2505 1132 2539 in
1158 2510 1243 2540 nota
1260 2505 1494 2541 antecedente
1514 2506 1630 2549 attuli,

119 2561 293 2597 Herodoti
320 2561 414 2597 effici
439 2563 589 2598 videtur.
729 2563 757 2607 4)
785 2562 877 2597 Bull.
905 2562 936 2597 d.
964 2563 1061 2597 Coi-r.
1080 2563 1172 2597 Hell.
1191 2563 1252 2606 VI,
1278 2574 1311 2607 p.
1335 2565 1411 2597 15¹2:
1439 2563 1630 2608 IIypsoclis

121 2620 218 2655 arch.
243 2620 418 2655 inventar.
444 2621 567 2656 inedit.
595 2622 616 2656 l.
635 2624 784 2657 95—96.
925 2622 951 2666 ⁵)
979 2622 1121 2656 Demar.
1149 2621 1279 2657 invent.
1306 2622 1327 2656 l.
1347 2624 1424 2656 200.

212 2678 240 2724 ⁶)
266 2678 335 2713 Cfr.
352 2681 464 2715 'nunc
491 2679 666 2724 tabulam,
693 2689 800 2723 quam
832 2680 869 2714 in
895 2680 1024 2714 Annal.
1051 2679 1276 2723 archacolog.
1304 2678 1368 2713 vol.
1396 2679 1410 2713 I
1437 2678 1481 2713 ad
1505 2690 1538 2724 p.
1569 2682 1631 2715 176

121 2735 254 2772 adiecit
276 2735 475 2772 Fabricius.
