1957 3293
876 297 1186 338 —162—

282 422 450 460 Demere
479 421 664 459 archonte
692 432 813 468 pensa
842 421 974 459 eadem
1004 425 1063 458 est
1090 424 1207 468 atque
1235 421 1358 458 maior
1386 419 1514 466 etiam,
1543 429 1658 467 quam
1685 429 1786 467 quae

282 490 454 531 tempore
485 483 756 521 dominationis
785 484 925 520 atticae
955 481 1070 530 pendi
1100 482 1265 528 solebat,
1303 492 1450 519 summa
1477 485 1604 519 autem
1633 481 1786 519 univer·

285 558 350 584 sae
379 547 565 594 pecuniae
595 558 615 584 e
644 545 900 583 locationibus
930 550 1138 592 perceptae
1160 544 1358 581 imminuta
1378 547 1437 581 est
1459 543 1560 581 mille
1581 543 1786 590 drachmis,

288 614 333 646 ut
363 610 435 646 iam
468 609 641 654 vidimus,
670 620 739 656 per
767 608 866 645 idem
895 608 1078 655 temporis
1107 608 1290 655 spatium,
1319 617 1477 644 necesse
1505 610 1565 644 est
1590 617 1789 644 numerum

282 672 396 709 etiam
432 671 634 709 fundorum
671 671 820 709 duobus
856 671 913 708 his
951 670 1115 708 saeculis
1150 671 1332 707 minorem
1368 680 1453 707 esse
1487 668 1630 707 factum
1666 672 1784 719 atque

286 738 422 771 octava
451 733 603 781 quidem
634 737 755 781 parte.
811 732 911 770 Sane
940 732 1144 770 dolendum
1174 736 1250 777 est,
1285 730 1388 778 quod
1415 730 1462 768 de
1491 731 1690 769 domorum
1717 742 1787 768 nu-

284 808 388 833 mero
419 795 552 833 eadem
581 797 730 833 ratione
759 796 929 832 iudicare
959 806 1034 832 non
1069 795 1177 839 licet3
1214 793 1282 831 sed
1316 804 1401 831 cum
1436 793 1633 831 videamus
1668 797 1789 832 totam

288 870 471 895 summam
501 870 547 895 ex
568 869 699 895 earum
727 858 917 895 locatione
946 861 1168 905 perceptam
1197 867 1265 894 sex
1293 856 1469 903 partibus
1493 857 1671 904 crevisse,
1699 867 1787 904 pro-

285 921 454 959 babilius
492 925 549 958 est
591 932 720 958 earum
765 932 917 968 quoque
961 931 1159 957 numerum
1196 930 1310 966 quam
1353 919 1589 967 singularum
1625 919 1791 966 pretium

285 988 392 1022 tanto
421 995 504 1021 esse
534 988 700 1021 auctum.

387 1046 445 1083 De
475 1045 724 1092 vectigalibus
754 1057 777 1084 a
804 1046 938 1093 templi
967 1045 1346 1083 administratoribus
1375 1045 1570 1092 perceptis
1596 1056 1673 1083 non
1697 1044 1793 1082 mul-

285 1114 364 1146 tum
393 1109 467 1145 dici
495 1108 698 1155 potest:³⁶)
728 1110 869 1156 partim
900 1110 999 1146 enim
1020 1110 1106 1156 ipsa
1126 1109 1281 1146 nomina
1301 1107 1524 1155 loquuntur,
1552 1110 1594 1144 ut
1613 1104 1791 1156 πορφύρα

285 1176 350 1216 (10
371 1171 444 1213 dr.)
474 1192 523 1197 —
551 1172 609 1208 ius
640 1183 834 1218 purpurae
866 1171 1088 1218 piscandae,
1122 1168 1228 1220 λιμήν
1257 1191 1307 1197 ——
1334 1171 1394 1207 ius
1414 1171 1576 1218 portorii
1596 1170 1636 1207 in
1655 1180 1793 1217 magno

288 1233 374 1271 Deli
404 1239 520 1280 portu
549 1233 726 1280 exigendi
756 1239 820 1282 (34
843 1234 929 1280 dr),
959 1233 1167 1283 πορθμεῖον
1188 1255 1238 1260 -
1264 1233 1323 1270 ius
1349 1233 1453 1271 nauli
1479 1254 1529 1260 —
1553 1231 1614 1274 εἰς
1631 1230 1795 1282 Ῥηνείαν

288 1299 378 1339 (182
398 1296 472 1340 dr.)
503 1300 541 1333 et
569 1295 625 1337 εἰς
654 1293 885 1332 Ἀπολλώνιον
915 1296 1038 1339 (locus
1075 1299 1133 1333 est
1166 1296 1205 1332 in
1240 1295 1368 1333 insula
1395 1295 1560 1344 Mycono
1596 1296 1712 1342 situs,
1748 1298 1791 1332 ut

289 1359 353 1396 alii
383 1359 483 1396 tituli
513 1358 668 1396 docent:
700 1364 723 1395 4
743 1357 921 1405 dr.³7)?),
957 1357 1074 1400 ὁλκὸς
1103 1357 1124 1394 ὁ
1153 1355 1194 1395 ἐν
1222 1356 1449 1407 Ἀπολλωνίῳ
1478 1363 1542 1402 (66
1564 1357 1639 1404 dr.)
1669 1365 1708 1395 et.
1734 1356 1795 1393 ὁλ-

290 1419 361 1462 κὸς
390 1419 411 1456 ὁ
440 1418 481 1457 ἐν
512 1419 625 1469 Νήσῳ
655 1426 692 1462 (2
714 1421 788 1463 dr.)
823 1443 873 1448 —
908 1423 967 1458 ius
996 1422 1158 1468 portorii
1186 1422 1226 1458 in
1253 1421 1410 1468 Myconi
1437 1425 1554 1469 portu
1589 1423 1627 1458 et
1660 1421 1699 1458 in
1735 1420 1796 1458 111-

289 1484 390 1529 sula,
426 1485 448 1520 i.
470 1496 500 1520 e.
532 1484 722 1529 Hecatae,
762 1483 1018 1531 percipiendi,
1053 1481 1227 1533 ἐννόμων
1261 1505 1311 1510 -
1345 1484 1405 1521 ius
1434 1483 1569 1530 pascui
1595 1504 1646 1510 —
1683 1480 1726 1519 τὸ
1753 1479 1796 1519 ἐν

290 1548 337 1596 τῇ
366 1544 492 1595 ἰσθμῷ
519 1546 632 1585 (adde
663 1549 707 1597 τῇ
738 1544 779 1582 ἐν
810 1544 993 1594 illum‘mp:
1032 1551 1052 1584 5
1074 1546 1167 1592 dr.);
1205 1547 1346 1594 partim
1374 1546 1505 1594 qualia
1531 1544 1692 1591 fuerint,
1720 1555 1798 1581 non

292 1609 541 1655 intellegitur,
570 1613 611 1645 ut
631 1608 812 1656 αῖμεσίων
833 1615 866 1653 (ι
881 1614 921 1647 17
941 1610 1028 1655 din),
1058 1608 1280 1659 στροφείων
1300 1613 1365 1653 (23
1381 1608 1470 1655 dn),
1498 1605 1796 1658 ἡμιοβελιῶν.38)

290 1672 387 1709 Tota
417 1683 546 1709 eorum
577 1683 722 1709 summa
753 1678 810 1710 est
840 1678 912 1710 443
937 1673 982 1710 dr
1055 1673 1141 1710 Non
1170 1677 1342 1720 tempore
1378 1670 1615 1719 reipublicae
1650 1669 1796 1707 liberae

291 1734 452 1781 primum
484 1734 577 1772 haec
607 1736 809 1782 vectigalia
838 1736 1030 1781 instituta,
1068 1735 1135 1773 sed
1164 1737 1237 1773 iam
1268 1735 1316 1773 ab
1345 1732 1679 1782 amphictyonibus
1707 1733 1796 1771 atti-

291 1796 345 1832 cis
374 1808 457 1833 esse
486 1796 795 1844 redemptoribus
826 1797 979 1836 vendita
1007 1810 1092 1836 cum
1122 1798 1250 1835 multis
1279 1797 1479 1835 titulorum
1506 1795 1601 1834 locis
1639 1795 1794 1833 demon-

292 1862 448 1904 stratur,
477 1863 554 1896 tum
585 1872 607 1897 a
637 1872 694 1898 me
725 1862 798 1898 iam
830 1865 887 1898 est
916 1861 1071 1907 dictum,
1101 1872 1185 1898 cum
1215 1860 1262 1898 de
1289 1864 1461 1907 tempore
1487 1859 1553 1896 illo
1575 1857 1693 1896 verba
1711 1855 1796 1895 feci.

395 1920 608 1969 Vectigalia
638 1935 711 1959 non
742 1923 790 1961 ab
818 1923 1035 1970 liieropocis
1062 1924 1157 1970 ipsis
1184 1921 1511 1970 percipiebantur,
1540 1919 1611 1972 sed
1628 1930 1652 1958 a
1670 1919 1797 1967 publi-

293 1983 410 2028 canis,
441 1996 602 2030 quornm
633 1986 784 2022 nomina
812 1986 849 2022 in
871 1985 1047 2022 Demaris
1075 1983 1289 2022 rationibus
1316 1983 1476 2030 legimus
1498 1981 1659 2029 singulis
1679 1981 1795 2019 vecti-

293 2045 443 2093 galibus
473 2046 680 2094 adscripta.
744 2048 788 2084 In
817 2051 911 2095 quot
939 2052 1066 2085 autem
1096 2059 1217 2085 annos
1245 2046 1447 2091 venierint,
1476 2055 1664 2092 nusquam
1691 2045 1796 2082 inve-

294 2109 375 2145 nire
411 2110 518 2155 potui
550 2121 672 2157 neque
710 2111 747 2147 in
784 2111 905 2147 titulis
942 2111 1034 2157 ipsis
1065 2121 1189 2157 neque
1227 2110 1265 2145 in
1294 2107 1476 2146 Homollii
1512 2107 1799 2146 commentario.

296 2170 387 2207 Cum
418 2176 545 2207 autem
575 2176 764 2219 appareat
792 2172 981 2209 I'liocaeei
1007 2183 1119 2218 anno,
1149 2172 1215 2219 qni
1235 2170 1412 2208 Demaris
1441 2169 1638 2208 archontis
1658 2180 1801 2208 aunum

295 2232 507 2279 antecedit,
537 2234 633 2272 alios
663 2234 780 2272 fuisse
809 2235 1048 2283 vectigalium
1080 2233 1321 2283 quorundam
1351 2232 1692 2281 redemptores,⁸⁹›
1725 2233 1802 2272 for·

389 2401 435 2441 ³⁶)
462 2399 616 2433 Exstant
650 2399 785 2443 scripta
817 2399 852 2432 in
879 2399 1023 2433 Demar.
1050 2398 1146 2433 arch.
1174 2403 1240 2433 rat.
1266 2397 1327 2432 lin.
1350 2400 1526 2433 152—155
1557 2400 1594 2432 et
1616 2396 1653 2431 in
1677 2396 1802 2443 latere,

296 2456 356 2490 lin.
380 2459 527 2497 11—25;
553 2456 615 2490 cfr.
642 2456 749 2490 etiam
776 2455 928 2490 Le-Bas.
956 2456 1000 2499 ΙΙ,
1028 2458 1127 2490 2092.
1265 2455 1310 2499 ³⁷)
1337 2454 1464 2489 Totam
1489 2464 1568 2489 esse
1593 2453 1686 2489 hanc
1710 2464 1803 2489 mer-

297 2513 419 2548 cedem
445 2513 600 2547 debitam
620 2524 687 2546 non
715 2518 769 2546 est
788 2512 990 2555 verisimile,
1017 2512 1246 2555 quamobrem
1272 2511 1341 2546 huc
1366 2511 1494 2555 refero,
1518 2509 1665 2555 quaein
1689 2510 1803 2546 latere

298 2570 466 2613 leguntur
491 2570 608 2608 (initio
635 2570 833 2604 sententiae
859 2569 1076 2613 ‹leperdit0):
1112 2568 1343 2603 Ἀπολλωνίου
1368 2570 1408 2603 61
1429 2567 1498 2612 dn,
1531 2571 1572 2602 ut
1594 2566 1704 2603 fuerit
1727 2572 1805 2603 tota

298 2638 433 2661 merces
461 2625 696 2671 persolvenda
721 2629 763 2660 65
788 2626 839 2660 dr.
1012 2626 1056 2670 3⁸)
1083 2625 1153 2660 Cfr.
1186 2635 1277 2668 quae
1309 2624 1402 2659 dixit
1425 2623 1625 2659 Homullius
1649 2623 1686 2659 ln
1710 2634 1803 2660 com-

298 2683 473 2719 mentario
499 2683 643 2728 saepius
669 2683 866 2727 appellato:
900 2683 991 2717 Bull.
1019 2682 1050 2717 d.
1078 2682 1176 2717 Corr.
1202 2681 1375 2726 Hell.V1,
1400 2691 1434 2726 p.
1450 2682 1597 2717 68-88.

390 2741 436 2786 ³⁹)
463 2739 535 2775 Cfr.
560 2739 703 2775 Demar.
729 2739 826 2775 arch.
853 2744 918 2792 rat.
946 2739 1007 2774 lin.
1029 2740 1208 2775 173—174
1233 2742 1270 2774 et
1296 2739 1484 2774 174-1‘16.
