1979 3326
726 318 1037 357 -197—

234 445 319 493 Qua
351 445 434 492 Iege
471 443 521 480 sit
561 443 772 481 constituta
812 441 860 480 ab
896 438 1197 478 Atheniensibus
1241 438 1435 476 cleruchia
1476 437 1637 483 deliaca,

132 512 225 557 quot
252 507 419 545 cleruchi
448 507 525 544 sint
552 506 590 543 in
619 506 783 544 insulam
818 505 924 542 missi
959 504 1018 541 vel
1048 515 1067 541 e
1098 502 1236 550 quibus
1266 502 1397 549 populi
1437 500 1637 538 ordinibus

131 571 242 610 electi
269 592 319 598 —
346 570 565 617 ignoratur,
594 568 684 616 quin
714 569 828 605 etiam
858 568 889 604 si
919 566 965 604 de
995 565 1189 603 cleruchia
1208 564 1346 601 Delum
1376 565 1493 601 missa
1513 563 1635 610 loqui-

127 645 226 678 mur,
255 635 388 670 nostro
417 631 590 679 periculo
618 630 658 668 id
684 629 857 676 facimus,
887 639 970 666 cum
999 639 1137 665 nomen
1166 628 1237 664 hoc
1264 638 1340 664 non
1369 627 1419 664 sit
1439 625 1636 664 traditum.

130 695 308 734 Ceterum
340 694 387 732 de
415 706 457 732 re
487 693 665 731 dubitare
703 704 778 730 non
807 692 914 737 licet,
950 701 1033 728 cum
1064 690 1185 727 Deliis
1222 701 1268 727 ex
1303 689 1429 726 insula
1467 689 1636 736 expulsis

127 769 202 797 non
243 757 449 795 verisimile
489 755 620 803 modo,
667 755 734 793 sed
772 755 884 793 etiam
929 754 1187 791 necessarium
1233 753 1283 789 sit
1322 751 1480 789 credere
1523 762 1635 797 agros

128 832 258 860 eorum
287 819 499 868 domusque
518 830 660 857 vacuas
687 821 895 866 occupatas
916 828 1033 855 novos
1056 816 1228 854 dominos
1249 817 1287 853 in
1318 818 1462 853 certum
1485 812 1637 864 κλήρων

128 894 327 922 numerum
365 882 560 927 divisisse,
596 892 757 929 quorum
795 881 934 927 singuli
971 880 1130 926 singulis
1166 878 1312 917 civibus
1348 876 1636 916 atheniensibus

127 946 404 991 tribuerentur,
433 944 675 992 potissimum
702 943 978 990 egentioribus.
1028 943 1161 989 Qualis
1190 944 1291 980 inter
1310 953 1375 980 eos
1405 946 1443 978 et
1471 942 1637 989 patriam

131 1009 264 1047 urbem
309 1007 573 1045 intercesserit
615 1006 878 1052 necessitudo,
923 1017 1154 1053 quamquam
1196 1005 1290 1042 nihil
1334 1008 1392 1042 est
1433 1004 1636 1042 memoriae

131 1071 335 1117 traditum,
376 1066 512 1107 tamenv
540 1069 656 1107 credo
692 1079 775 1106 cum
819 1068 984 1117 quadam
1018 1067 1304 1116 probabilitatis
1346 1068 1473 1115 specie
1510 1067 1637 1114 colligi

130 1145 256 1183 posse.
312 1133 366 1170 Et
392 1133 555 1180 primum
586 1132 739 1180 quidem
767 1135 913 1170 certum
943 1136 1002 1169 est
1029 1133 1067 1169 in
1103 1131 1278 1169 omnibus
1307 1131 1424 1169 rebus
1452 1130 1545 1168 foris
1574 1140 1638 1176 ge-

130 1196 261 1235 rendis
290 1207 473 1234 summam
503 1195 654 1233 consilii
689 1194 806 1232 fuisse
835 1206 953 1242 penes
983 1195 1166 1242 populum
1197 1194 1491 1239 Atheniensem,
1528 1193 1636 1229 cuius

131 1259 298 1297 decretis
331 1258 443 1295 etiam
471 1256 640 1294 cleruchi
668 1256 912 1301 tenebantur,
942 1260 1056 1304 atque
1086 1260 1129 1293 nt
1157 1256 1195 1293 hi
1224 1260 1385 1303 urgente
1405 1255 1636 1293 necessitate

129 1322 293 1370 patriam
325 1320 440 1358 armis
470 1319 720 1366 pecuniisque
749 1318 994 1363 adiuvarent,
1024 1319 1107 1366 lege
1136 1318 1254 1356 fuisse
1285 1321 1475 1363 sanctum,
1506 1327 1637 1364 quam-

130 1395 242 1433 quam
271 1386 360 1432 post
380 1383 580 1421 Graeciam
601 1393 625 1420 a
643 1382 786 1430 populo
808 1382 981 1420 Romano
1007 1381 1204 1419 subactam
1237 1385 1274 1419 et
1302 1384 1479 1429 pacatam
1510 1391 1636 1427 neque

128 1448 200 1486 hoc
235 1445 401 1485 officium
436 1457 561 1494 neque
603 1445 670 1483 illa
703 1448 877 1492 potestas
919 1445 1078 1482 multum
1115 1444 1311 1488 valebant,
1357 1445 1499 1492 quippe
1537 1453 1635 1490 quae

127 1522 250 1559 paene
285 1520 491 1557 numquam
529 1507 699 1547 exerceri
734 1511 905 1555 possent.
969 1507 1130 1545 Maioris
1166 1507 1348 1545 momenti
1386 1510 1487 1552 erat,
1534 1504 1637 1553 quod

129 1572 323 1615 debebant
358 1572 527 1610 cleruchi
552 1572 768 1619 -quotannis
811 1569 996 1608 adfesta
1030 1570 1136 1608 urbis
1171 1571 1345 1618 parentis
1389 1567 1634 1613 celebranda,

130 1635 408 1674 Panathenaea
428 1635 616 1682 inprimis,
645 1634 816 1672 theorias
846 1634 996 1671 mittere
1018 1644 1103 1671 cum
1123 1634 1286 1671 victimis
1316 1634 1494 1680 omnique
1516 1642 1633 1679 appa-

129 1703 214 1737 ratu
244 1697 493 1742 sollemniz⁷⁹)
536 1700 663 1735 exstat
691 1696 816 1735 adhuc
845 1696 1040 1734 decretum
1069 1696 1335 1734 cleruchorum
1364 1695 1502 1733 Delum
1531 1696 1635 1732 inco·

129 1762 300 1808 lentium,
329 1772 405 1809 quo
434 1759 676 1798 collaudatur
705 1759 972 1798 architheorus
1002 1759 1157 1808 quidam
1186 1760 1362 1797 Eubulus
1392 1760 1580 1796 Demetrii
1609 1759 1633 1794 f.

129 1824 456 1863 Marathoniensis
498 1823 546 1861 ob
574 1827 792 1870 promptum
829 1824 866 1860 in
896 1824 1089 1861 civitatem
1119 1824 1282 1861 animum
1319 1826 1434 1870 atque
1464 1821 1634 1869 magnifi-

131 1888 308 1935 centiam,
338 1898 414 1936 qua
443 1887 671 1935 legationem
702 1886 752 1924 ad
779 1886 1053 1924 Panathenaea
1083 1887 1235 1924 missam
1265 1885 1505 1929 instruxerit,
1536 1895 1633 1931 quae

131 1961 249 1988 causa
275 1949 411 1996 fuerit,
448 1953 492 1987 ut
518 1949 567 1987 ab
595 1949 896 1987 Atheniensibus
925 1960 1067 1987 corona
1103 1960 1222 1987 aurea
1250 1948 1439 1986 cleruchis
1475 1947 1633 1984 deliacis

130 2013 281 2060 publice
310 2011 646 2055 decerneretur.⁸⁰)
703 2012 866 2050 Pietatis
894 2012 967 2049 hoc
994 2017 1078 2050 erat
1107 2012 1280 2050 coloniae
1310 2022 1402 2059 erga
1429 2015 1630 2058 parentem

131 2073 315 2122 officium,
351 2075 417 2113 sed
451 2074 573 2121 idem,
609 2085 692 2112 cum
722 2078 914 2122 sumptum
949 2074 1050 2113 haud
1079 2085 1239 2122 parvum
1273 2074 1508 2121 postularet,
1548 2084 1633 2120 gra-

129 2138 323 2176 vissimum
343 2149 456 2175 onus:
485 2136 532 2175 de
552 2137 639 2175 aliis
668 2138 769 2175 enim
789 2137 1053 2185 vectigalibus,
1083 2148 1180 2185 quae
1202 2137 1370 2175 cleruchi
1402 2136 1540 2173 deliaci
1563 2147 1632 2183 pro

129 2199 258 2239 fundis
286 2200 360 2239 sibi
387 2201 580 2238 concessis
601 2211 624 2237 a
650 2199 860 2247 republica,
889 2204 932 2237 ut
951 2200 1143 2238 interdum
1170 2198 1348 2247 fiebat‚⁶¹)
1379 2198 1633 2246 pependerint

130 2264 283 2303 aerario
311 2263 479 2312 publico,
508 2263 603 2301 nihil
631 2267 866 2311 compertum
896 2263 1092 2301 habemus.

221 2429 268 2472 ⁷⁹)
293 2428 364 2464 Cfr.
391 2427 574 2463 decretum
599 2427 723 2472 populi
740 2426 1016 2462 Atheniensium
1042 2427 1084 2460 de
1104 2425 1244 2460 colonia
1270 2425 1398 2459 Bream
1424 2424 1632 2459 deducenda

130 2486 279 2521 factum:
312 2485 349 2520 C.
364 2484 390 2520 I.
405 2486 448 2520 A.
476 2485 503 2529 Ι,
528 2487 583 2528 31,
608 2484 668 2519 lin.
692 2487 839 2525 11—12,
866 2494 935 2528 qno
962 2483 1130 2518 iubentur
1155 2483 1313 2518 cleruchi
1339 2482 1498 2526 singulas
1526 2483 1631 2516 boves

131 2553 284 2586 ovesque
309 2541 412 2577 binas
437 2541 629 2586 quotannis
654 2541 699 2576 ad
725 2541 999 2583 Panathenaea,
1025 2540 1184 2585 phallum
1210 2540 1254 2574 ad
1281 2539 1454 2583 Dionysia
1479 2539 1631 2581 mittere,

131 2604 167 2635 et
191 2599 307 2635 Schol.
333 2599 517 2644 Aristoph.
536 2598 628 2634 Nub.
649 2610 678 2633 v.
696 2601 778 2634 386:
814 2600 850 2631 ἐν
879 2599 956 2637 τοῖς
982 2596 1245 2644 Παναθηναίοις
1270 2599 1380 2631 πᾶσαι
1405 2598 1441 2629 αἱ
1467 2597 1534 2630 ὑπὸ
1561 2599 1629 2630 τῶν

127 2656 320 2702 Ἀθηναίων
350 2657 621 2691 ἀπυικισθεῖσαι
647 2656 771 2695 πόλεις
794 2656 887 2698 βοῦν
915 2655 1167 2700 τυθησόμενον
1195 2654 1362 2695 iri-ennon.

221 2713 269 2756 ⁸0)
294 2713 331 2749 C.
345 2713 370 2748 1.
386 2712 427 2748 G.
445 2714 545 2749 2270.
672 2714 718 2756 ⁸¹)
743 2712 813 2748 Cfr.
839 2712 974 2748 decreti
1001 2712 1045 2747 ad
1071 2712 1288 2748 cleruchiam
1314 2711 1524 2745 lemniacam
1552 2721 1629 2754 per-

131 2770 278 2805 tinentis
309 2770 401 2814 (0.1,
417 2770 460 2805 Α.
483 2771 536 2815 11,
565 2773 617 2813 14)
650 2769 838 2805 admodum
869 2769 985 2804 mutili
1017 2780 1156 2804 versum
1189 2775 1351 2804 octavum
1386 2774 1420 2802 et
1453 2778 1628 2802 commen-
