1979 3326
755 317 1066 358 -173—

262 442 308 480 In
327 443 448 481 sacris
468 440 654 480 aedificiis
673 441 968 489 hieropoeorum
988 451 1103 478 curae
1128 440 1320 478 mandatis
1349 441 1540 478 asservari
1568 441 1666 478 sole—

158 503 254 542 bant
295 508 453 552 praeter
492 504 594 543 dona
628 504 798 552 Apollini
834 508 872 542 et
915 503 1039 541 sorori
1072 503 1262 550 matrique
1299 504 1380 540 eius
1424 502 1552 541 dicata
1588 502 1665 540 alia

159 566 350 615 quaedam
377 567 462 605 aliis
490 567 572 605 deis
602 570 845 605 consecrata:
875 565 1080 612 Veneri,⁷⁷)
1109 565 1408 613 Aesculapio‚⁷⁸)
1429 564 1664 611 Hecatae‚⁷⁹)

159 630 332 677 quamvis
351 629 391 666 hi
411 641 522 667 suum
542 630 706 677 quisque
734 628 917 675 templum
947 627 1136 665 haberent
1157 639 1176 664 e
1197 628 1318 665 titulis
1340 628 1543 675 cognitum.
1590 627 1667 665 Ne-

160 703 235 740 que
273 691 369 730 haec
403 691 494 730 fana
529 690 884 739 (Aphrodision‚⁸0)
919 689 1241 737 Asclepieion‚81)
1275 690 1447 728 Hecatae
1483 687 1524 726 ἐν
1554 689 1666 739 Νήσῳ

158 753 402 802 templum82)
437 755 497 793 vel
529 756 658 803 potius
694 754 894 795 sacellum)
929 764 1054 800 neque
1091 753 1187 799 alia,
1223 764 1322 800 quae
1357 753 1447 790 item
1476 753 1515 790 in
1543 753 1665 790 titulis

159 822 508 856 commemorantur
534 840 584 845 —
612 815 1014 865 Thesmophorion‚⁸³)
1036 816 1248 864 Serapeum
1269 820 1307 854 et
1325 815 1524 861 Isieumffl)
1555 816 1666 859 (haec

248 948 292 994 77)
317 947 412 982 Huic
435 947 535 991 deae,
562 946 663 981 cuius
681 945 815 981 cultum
833 945 905 979 iam
918 945 1080 979 Theseus
1097 945 1298 980 instituisse
1317 945 1450 979 dicitur
1466 945 1663 981 (Plutarch.

157 1015 235 1050 cap.
250 1007 310 1049 213
335 1004 442 1040 Paus.
457 1005 520 1049 IX,
537 1007 592 1048 40,
611 1006 658 1045 2),
686 1003 933 1038 »Ptolemaeus
951 1002 1042 1046 Lagi
1058 1002 1230 1037 Macedo«
1255 1002 1428 1045 (nondum
1453 1013 1517 1036 rex
1542 1002 1665 1047 appel-

155 1062 264 1107 latus)
296 1061 478 1097 dicaverat
511 1061 720 1107 θηρίκλειον
758 1070 905 1095 auream
938 1062 1005 1094 423
1039 1059 1090 1094 dr.
1123 1060 1241 1104 pondo
1276 1060 1434 1100 (Demar.
1466 1060 1563 1094 arch.
1595 1060 1664 1094 inv.

155 1118 218 1154 lin.
236 1121 332 1163 181);
359 1118 534 1162 quaedam
560 1117 654 1152 dona
679 1118 750 1151 iam
769 1117 917 1162 Scylaco
942 1117 1114 1151 archonte
1131 1120 1177 1158 (a.
1196 1119 1277 1158 230)
1295 1116 1463 1152 dicuntur
1480 1117 1523 1155 ἐξ
1541 1117 1665 1161 ’Aepo-

156 1176 270 1210 δισίοο
294 1175 470 1210 translata
494 1175 532 1209 in
556 1184 725 1218 magnum
750 1174 929 1218 Apollinis
954 1173 1127 1217 templum
1158 1179 1250 1208 teste
1278 1174 1456 1208 Homollio
1490 1174 1594 1219 (Bull.
1621 1174 1665 1209 de

157 1232 256 1268 Corr.
280 1232 455 1276 Hell.VI‚
480 1243 514 1276 p.
532 1234 587 1275 87,
618 1236 689 1265 not.
713 1231 759 1276 l):
793 1230 928 1275 Scylac.
955 1230 1003 1274 (P)
1037 1230 1134 1265 arch.
1166 1231 1234 1265 inv.
1268 1230 1362 1266 ined.
1395 1231 1455 1265 lin.
1474 1235 1527 1266 43.

247 1290 294 1332 78)
319 1288 531 1333 Aesculapii
548 1298 690 1323 sacrum
714 1288 825 1323 fuisse
843 1287 987 1322 disertis
1012 1288 1130 1322 verbis
1149 1288 1263 1322 solum
1288 1288 1478 1329 λειμώνιον
1500 1291 1663 1334 χρυσοῦν

156 1345 289 1381 dicitur
311 1345 350 1379 in
366 1344 510 1379 Demar.
528 1344 624 1379 arch.
643 1344 713 1378 inv.
732 1344 793 1378 lin.
817 1348 872 1388 113
899 1344 962 1379 sed
988 1344 1149 1378 eiusdem
1175 1344 1233 1379 dei
1251 1345 1397 1390 propria
1422 1345 1532 1380 fuisse
1560 1345 1665 1380 credo

156 1402 251 1438 dona
274 1402 338 1438 illa
363 1402 500 1446 omnia,
531 1402 662 1446 quibus
696 1401 919 1446 adscriptum
952 1408 1006 1436 est
1038 1401 1159 1436 dicata
1191 1411 1234 1436 ea
1269 1413 1346 1437 esse
1381 1403 1588 1445 ἱεροίζοντος
1614 1405 1664 1448 τῷ

153 1459 343 1506 Ἀσκληπιῷ
369 1462 435 1493 τοῦ
461 1460 562 1493 δεῖνα
591 1459 691 1504 (ibid.
716 1459 777 1493 lin.
796 1462 944 1503 43—45‚
969 1462 1024 1503 48,
1056 1462 1142 1500 110).
1308 1461 1353 1502 79)
1379 1460 1460 1494 1)υο
1486 1460 1579 1494 dona
1604 1470 1665 1494 no-

155 1517 250 1551 mine
276 1517 354 1552 eius
379 1517 553 1562 inscripta
578 1522 661 1552 sunt
687 1516 784 1561 (ibid.
809 1515 870 1551 lin.
889 1519 933 1551 45
959 1521 994 1551 et
1024 1517 1121 1562 176),
1147 1515 1216 1551 duo
1243 1517 1315 1551 alia
1340 1524 1436 1552 certe
1463 1517 1577 1552 eidem
1603 1517 1665 1552 tri-

155 1573 299 1610 buenda
324 1579 418 1619 sunt,
443 1585 523 1609 cum
549 1570 777 1618 appellentur
803 1573 937 1617 σκάφια
962 1576 1033 1606 τῶν
1062 1574 1100 1606 ἐι
1126 1574 1190 1619 τῆς
1213 1574 1371 1615 κιβωτοῦ
1389 1576 1464 1607 τῶν
1485 1575 1523 1606 ἐκ
1545 1572 1666 1619 ,Υήσοο

156 1631 254 1676 (ibid.
279 1631 339 1666 lin.
358 1632 425 1677 28).
587 1631 632 1676 ⁸⁰)
657 1630 739 1665 Non
763 1640 932 1674 magnum
956 1629 1097 1665 videtur
1121 1630 1232 1665 fuisse
1260 1631 1314 1665 vel
1346 1641 1415 1665 non
1447 1641 1665 1675 magnopere

155 1687 301 1733 cultum,
331 1699 412 1723 cum
437 1688 475 1721 ἐκ
501 1688 694 1733 θησαυροῦ
719 1690 785 1720 τοῦ
811 1688 847 1720 ἐν
872 1687 1081 1732 Ἀφροδισίῳ
1105 1687 1290 1732 hieropoei
1316 1688 1429 1722 obolis
1455 1688 1570 1723 tribus
1595 1698 1666 1722 non

156 1745 310 1790 amplius
335 1745 540 1790 percepisse
567 1755 604 1779 se
629 1743 882 1789 profiteantur:
921 1745 1063 1779 Demar.
1096 1745 1193 1779 arch.
1226 1750 1292 1779 rat.
1324 1745 1385 1779 lin.
1409 1749 1480 1781 156.

247 1801 295 1843 81)
319 1801 462 1837 Demar.
489 1801 586 1836 arch.
604 1806 671 1836 rat.
689 1801 750 1835 lin.
775 1804 852 1836 156:
880 1801 918 1834 ἐκ
944 1803 1138 1847 θησαυροῦ
1157 1804 1217 1835 τοῦ
1245 1803 1282 1834 ἐν
1307 1801 1532 1848 Ἆσιληπιείῳ
1558 1806 1593 1842 (3
1613 1802 1664 1837 dr.

159 1859 227 1903 l¹l2
247 1859 315 1904 ob.)
342 1863 378 1893 et
402 1858 463 1892 lin.
486 1860 564 1893 196:
592 1858 766 1904 νεωκόρῳ
792 1858 852 1891 ἐπ’
877 1856 1114 1903 Ἀσκληπιείῳ.
1165 1858 1234 1892 Cfr.
1255 1859 1363 1893 etiam
1389 1860 1532 1893 titulum
1552 1871 1666 1904 nuper

156 1916 202 1951 ab
226 1915 405 1951 Homollio
432 1915 568 1960 publici
593 1915 682 1950 iuris
707 1917 840 1950 factum
865 1915 973 1958 (Bull.
1000 1915 1043 1950 de
1070 1915 1168 1950 Corr.
1195 1916 1287 1950 Hell.
1306 1915 1385 1960 XII,
1411 1916 1496 1951 fasc.
1515 1919 1570 1960 5),
1605 1917 1665 1951 ubi

156 1971 200 2008 de
225 1977 346 2008 statua
377 1972 434 2008 dei
465 1972 660 2007 reficienda
685 1973 838 2016 aliisque
864 1972 1032 2016 operibus
1064 1972 1100 2006 in
1126 1973 1258 2016 templo
1291 1974 1367 2008 eius
1399 1973 1504 2008 factis
1535 1975 1665 2018 agitur,

156 2030 522 2073 commentariumque
547 2030 592 2065 ab
617 2030 754 2065 editore
780 2030 958 2065 adiectum
985 2030 1317 2065 luculentissimum.
1456 2031 1502 2071 S2)
1529 2031 1666 2065 Hecate

156 2086 314 2122 habebat
337 2087 375 2121 in
400 2097 512 2131 parva
536 2087 671 2131 insula,
704 2097 796 2131 quae
822 2098 915 2122 nunc
940 2087 1191 2122 Rheumatiari
1217 2088 1436 2132 appellatur,
1466 2088 1665 2131 antiquitus

157 2153 240 2179 vero
266 2153 288 2178 a
312 2143 380 2179 dea
404 2144 455 2179 ibi
480 2144 578 2179 culta
602 2154 730 2179 nomen
755 2144 909 2179 ducebat
940 2144 1115 2185 (Hecatae
1141 2144 1280 2187 Insula,
1315 2145 1524 2189 saepissime
1558 2145 1666 2179 etium

158 2197 280 2246 Νῆσος
312 2201 546 2246 nominatur),
579 2200 750 2245 templum
783 2201 968 2245 proprium
999 2200 1055 2234 vel
1087 2200 1257 2235 sacellum
1290 2201 1426 2244 potius:
1465 2201 1665 2236 Homollius

157 2257 301 2302 quidem
326 2258 359 2293 ei
381 2268 481 2294 aram
505 2257 749 2294 tantummodo
775 2258 901 2293 tribuit
927 2258 1033 2300 (Bull.
1060 2257 1103 2292 de
1122 2258 1219 2292 Corr.
1239 2257 1331 2292 Hell.
1347 2258 1407 2295 Vl,
1434 2270 1466 2302 p.
1490 2261 1576 2294 142».
1604 2258 1666 2292 sed

156 2325 237 2350 cum
261 2315 361 2350 nulla
391 2315 554 2350 attulerit
584 2315 808 2358 testimonia,
843 2316 1049 2350 coniectura
1082 2315 1118 2349 id
1151 2321 1338 2350 assecutus
1364 2315 1521 2350 videtur:
1555 2326 1665 2359 quare

157 2371 323 2415 equidem
354 2372 469 2416 magis
501 2372 634 2407 inclino
660 2372 705 2407 ad
737 2373 968 2415 sententiam,
1000 2378 1039 2406 ut
1064 2372 1263 2406 aediculam
1291 2372 1485 2415 quamlibet
1520 2383 1666 2417 parvam

158 2427 247 2464 deae
272 2434 517 2464 consecratam
542 2439 619 2464 esse
646 2429 800 2473 credam,
827 2429 994 2473 quoniam
1013 2429 1217 2472 appellatur
1236 2430 1422 2473 θησαυρὸς
1447 2430 1465 2461 ὁ
1490 2431 1525 2462 ἐν
1545 2427 1664 2474 Νήσῳ,

158 2485 252 2521 unde
277 2486 461 2531 hieropoei
479 2487 634 2521 Demare
659 2486 831 2521 archonte
857 2486 946 2520 duas
972 2485 1160 2520 drachmas
1186 2485 1369 2529 accepisse
1396 2496 1433 2519 se
1453 2486 1666 2529 profitentur

157 2541 315 2586 (Demar.
340 2543 437 2579 arch.
462 2548 529 2578 rat.
554 2543 615 2578 lin.
646 2545 721 2578 156)
757 2562 802 2568 -
833 2543 903 2577 sint
936 2553 1020 2576 sane
1056 2542 1155 2586 parvi
1190 2542 1348 2585 reditus,
1385 2551 1512 2585 quarto
1547 2549 1666 2577 tamen

157 2603 258 2634 tanto
282 2599 436 2635 maiores
461 2606 545 2635 sunt
569 2611 676 2644 quam
701 2600 753 2634 illi
779 2611 823 2634 ex
849 2599 1068 2644 Aphrodisio
1096 2600 1267 2644 percepti.
1453 2601 1496 2641 ³³)
1524 2599 1664 2634 Demar.

159 2655 256 2691 arch.
282 2661 349 2691 rat.
374 2656 436 2691 lin.
461 2659 535 2692 198:
559 2658 686 2702 χοῖρος
712 2656 754 2690 τὸ
785 2656 1038 2700 θεσμοφόρων
1064 2657 1237 2699 καθᾶραι.
1381 2656 1425 2685 84,
1454 2656 1583 2690 lsieum
1611 2667 1665 2691 sc-

158 2711 229 2747 mel
253 2718 550 2748 commemoratur
581 2713 618 2747 in
642 2713 786 2748 Demar.
812 2713 909 2748 arch.
944 2713 1012 2748 inv.
1045 2713 1106 2747 lin.
1130 2716 1197 2748 230
1230 2713 1305 2754 (ubi
1338 2713 1381 2747 de
1414 2713 1581 2756 operibns
1617 2714 1664 2748 ibi

157 2768 333 2806 faciendis
358 2770 506 2815 agitur),
533 2769 731 2814 Sarapeum
756 2775 792 2805 et
817 2769 876 2805 hic
901 2770 975 2810 (lin.
994 2772 1076 2813 220)
1103 2774 1139 2804 et
1164 2770 1200 2804 in
1226 2770 1383 2805 eiusdem
1409 2771 1493 2806 anni
1519 2771 1665 2807 rationi-
