1990 3326
963 285 1247 324 -14-

358 410 509 450 ducere,
541 413 581 445 ut
600 407 733 446 credat
760 406 1034 454 rempublicam
1056 407 1229 454 coepisse
1249 405 1298 443 ad
1319 405 1536 453 Apollinem
1555 404 1706 442 Delium
1725 412 1857 441 sacras

363 473 572 517 legationes
602 472 774 515 mittere,
804 481 919 517 quum
949 470 1009 505 vix
1038 469 1208 506 littorum
1238 479 1394 505 suorum
1426 467 1617 514 marisque
1645 464 1858 503 adiacentis

359 534 406 571 ob
446 534 584 570 bellum
624 533 861 580 Megaricum
905 536 1005 569 essct
1046 543 1212 578 compos.
1268 529 1444 568 Ceterum
1481 528 1553 566 sub
1593 526 1706 565 finem
1743 526 1857 564 huius

359 597 499 634 saeculi
537 597 650 633 etiam
688 594 973 641 amphictyonia
1003 593 1163 630 Deliaca
1201 592 1401 630 debilitata
1429 595 1505 635 est,
1540 593 1598 628 tot
1625 589 1784 627 coloniis
1821 591 1859 625 et

359 658 406 695 ad
437 659 620 695 orientem
650 661 687 695 et
713 657 761 694 ad
782 655 1017 694 occidentem
1038 667 1170 693 versus
1191 654 1378 700 deductis,
1407 657 1466 691 tot
1485 651 1703 690 civitatibus
1723 651 1856 689 Ionum

365 722 609 758 asiaticorum
639 719 697 756 vel
726 730 748 756 a
777 718 990 755 Cimmeriis
1028 717 1165 754 dirutis
1200 717 1258 754 vel
1287 728 1310 754 a
1337 715 1456 763 Lydis
1490 715 1673 753 subactis.
1743 712 1861 751 Cuius

363 784 417 820 rei
459 784 662 820 maximum
701 781 791 818 mihi
835 784 893 817 est
928 779 1215 824 documentum,
1258 778 1360 826 quod
1397 778 1503 816 nulla
1537 776 1580 814 fit
1612 788 1683 825 per
1716 776 1859 814 multos

362 857 483 883 annos
514 845 703 891 Apollinis
734 843 834 881 Delii
863 843 1023 889 mentio,
1063 853 1178 889 quum
1209 841 1419 888 Delphicus
1454 840 1549 878 deus
1583 849 1859 887 saepenumero

359 908 537 945 landetur
578 910 713 944 auctor
749 905 856 942 urbis
892 905 1053 942 alicuius
1095 904 1337 949 condendae3
1379 902 1523 941 adferri
1565 903 1681 941 etiam
1720 905 1861 950 potest,

360 981 588 1018 quamquam
617 969 735 1006 multo
771 972 859 1015 post
889 971 947 1005 est
975 966 1136 1013 factum,
1173 966 1375 1012 Croesum,
1412 977 1528 1014 quum
1567 968 1606 1003 et
1634 965 1862 1013 Delphicum

360 1033 574 1080 Apollinem
597 1035 635 1068 et
654 1031 857 1068 Ismenium
879 1029 989 1067 donis
1009 1030 1254 1077 amplissimis
1276 1028 1497 1074 oriiaret‚³⁶)
1517 1028 1662 1066 nullam
1682 1027 1862 1066 habuisse

362 1096 461 1133 Delii
491 1096 689 1140 rationem,
719 1093 820 1141 quod
843 1105 918 1131 non
947 1092 1116 1140 fecisset,
1144 1094 1176 1130 si
1205 1093 1252 1131 ab
1273 1093 1442 1139 Ionibus,
1471 1092 1537 1140 qui
1565 1092 1606 1129 in
1634 1091 1716 1129 eius
1743 1089 1861 1128 dicio-

361 1170 444 1195 nem
485 1160 685 1203 venerant,
730 1167 961 1204 magnopere
997 1156 1199 1194 coleretur.
1264 1156 1347 1193 Huc
1381 1153 1586 1194 referenda
1617 1156 1710 1200 puto
1748 1152 1862 1190 etiam

361 1219 594 1267 Thucydidis
624 1219 740 1257 verba
770 1219 932 1257 dicentis
944 1218 992 1264 37)
1028 1230 1098 1266 per
1125 1219 1279 1266 longum
1314 1223 1465 1266 tempus
1494 1227 1578 1256 esse
1612 1216 1864 1261 intermissos,

361 1284 425 1331 qui
454 1282 646 1330 quondam
667 1282 851 1320 celebrati
873 1286 1012 1329 essent,
1042 1282 1153 1320 ludos
1182 1283 1230 1320 ob
1251 1282 1510 1320 calamitates:
1539 1290 1615 1328 quo
1642 1277 1760 1316 verbo
1788 1288 1865 1315 non

361 1347 568 1384 Persarum
596 1346 698 1384 bella
726 1358 810 1384 eum
842 1346 1045 1393 designare
1075 1346 1133 1384 vel
1161 1345 1249 1384 inde
1277 1348 1405 1393 patet,
1435 1342 1538 1392 quod
1565 1341 1676 1380 ludos
1705 1350 1865 1378 comme—

360 1410 521 1447 moravit
549 1413 732 1456 tanquam
754 1408 801 1445 ob
831 1408 1123 1445 diuturnitatem
1142 1408 1327 1455 temporis
1353 1417 1513 1455 prorsus
1533 1404 1723 1444 oblivione
1752 1401 1866 1441 obru-

361 1476 420 1509 tos
455 1476 570 1520 atque
605 1483 761 1509 necesse
791 1471 925 1509 habuit
953 1472 1067 1509 etiam
1103 1471 1311 1509 Homerum
1345 1474 1483 1509 testem
1511 1467 1649 1507 afferre
1683 1470 1728 1503 ut
1755 1465 1795 1502 in
1822 1476 1864 1502 re

362 1547 436 1573 non
467 1534 641 1572 omnibus
671 1538 774 1572 nota.

470 1597 631 1634 Praeter
673 1597 742 1634 has
784 1607 913 1634 omnes
955 1597 1031 1634 alia
1073 1597 1188 1634 etiam
1224 1597 1323 1634 ratio
1359 1607 1481 1644 eaque
1515 1596 1744 1644 gravissima
1774 1595 1867 1632 mihi

363 1664 518 1708 praesto
549 1663 623 1705 est,
653 1670 721 1696 cur
748 1659 901 1696 credam
932 1659 1082 1696 Solonis
1111 1659 1216 1696 illam
1245 1658 1291 1696 de
1319 1658 1512 1704 deliastis,
1543 1658 1654 1696 nobis
1681 1670 1758 1697 non
1785 1670 1864 1696 ser·

362 1727 505 1769 vatam,
541 1723 661 1770 legem
700 1723 858 1769 primam
896 1720 1033 1767 fuisse,
1070 1733 1147 1769 qua
1181 1721 1338 1769 publica
1373 1721 1663 1760 Atheniensium
1699 1721 1866 1759 civitatis

366 1785 507 1832 legatio
538 1785 585 1822 ad
614 1785 832 1832 Apollinem
860 1784 1012 1821 Delium
1042 1785 1356 1822 constitueretur.
1389 1783 1573 1822 Constat
1601 1784 1778 1823 Solonem
1806 1784 1866 1821 ius

364 1859 513 1885 sacrum
545 1859 591 1885 ue
619 1849 775 1885 minima
795 1847 946 1895 quidem
978 1859 1024 1885 ex
1044 1852 1156 1895 parte
1177 1847 1412 1894 immutasse,
1441 1858 1557 1895 quum
1585 1858 1633 1885 ne
1661 1847 1765 1895 leges
1785 1847 1867 1894 qui-

363 1910 447 1948 dem
478 1910 524 1948 de
554 1910 769 1948 homicidiis
796 1910 1006 1953 (Blutbann
1036 1909 1139 1958 quod
1167 1921 1341 1948 sermone
1369 1910 1577 1948 vernaculo
1606 1909 1784 1956 dicimus)
1812 1912 1868 1947 at-

363 1974 509 2020 tingere
541 1973 718 2011 auderet:
749 1984 847 2021 quae
877 1973 992 2019 igitur
1019 1972 1081 2009 hic
1108 1983 1270 2010 novasse
1299 1971 1478 2019 traditur,
1508 1971 1785 2011 existimandus
1811 1975 1870 2009 est

366 2036 404 2072 in
432 2036 574 2073 talibus
604 2036 718 2073 rebus
748 2037 934 2082 sanxisse,
965 2035 1010 2072 de
1040 2035 1179 2082 quibus
1208 2035 1303 2072 nihil
1331 2034 1457 2072 adhuc
1478 2035 1561 2082 lege
1581 2038 1733 2073 cautum
1754 2038 1867 2073 esset.

365 2097 491 2143 Quid?
529 2109 642 2145 quum
679 2102 807 2135 notum
839 2099 889 2135 sit
923 2098 1135 2145 praemium
1163 2097 1211 2134 ab
1240 2108 1285 2135 eo
1315 2108 1399 2135 esse
1426 2097 1666 2144 propositum
1700 2097 1766 2144 iis,
1803 2096 1868 2144 qui

367 2159 564 2207 Olympiae
599 2160 658 2197 rel
694 2160 862 2197 Isthmiis
891 2161 1090 2198 victoriam
1128 2158 1447 2207 reportarent‚³⁸)
1484 2162 1523 2197 et
1556 2170 1669 2207 quam
1704 2159 1868 2197 maxime

367 2223 569 2260 verisimile
599 2222 775 2260 videatur
803 2234 877 2259 non
907 2223 988 2259 sine
1018 2234 1062 2260 eo
1091 2221 1202 2260 ludos
1224 2221 1382 2269 Pythios
1409 2221 1535 2260 denuo
1563 2222 1760 2259 institutos
1779 2224 1872 2269 post

367 2285 505 2323 bellum
543 2296 712 2332 sacrum,
748 2286 830 2322 eius
868 2289 972 2322 certe
1007 2285 1167 2323 consilio
1202 2288 1368 2332 gestum,
1404 2295 1503 2332 quae
1537 2294 1656 2322 causa
1688 2286 1766 2330 est,
1801 2293 1870 2321 cur

369 2359 548 2394 negemus
570 2348 674 2384 illum
704 2349 865 2395 primum
889 2348 970 2395 lege
1001 2349 1186 2395 sanxisse,
1215 2351 1259 2385 ut
1278 2347 1428 2386 theoria
1446 2346 1738 2385 Atheniensium
1758 2349 1868 2394 quot-

369 2411 479 2446 annis
517 2409 652 2447 Delnm
689 2411 925 2456 mitteretur,
971 2422 1015 2447 eo
1051 2411 1211 2448 consilio
1246 2410 1441 2454 videlicet,
1486 2413 1530 2447 ut
1564 2419 1678 2456 quum
1721 2408 1866 2456 amphi-

368 2473 522 2519 ctyonia
544 2473 714 2519 Deliaca,
744 2476 852 2510 tanta
880 2474 1035 2510 civitate
1064 2476 1189 2520 aucta,
1216 2473 1303 2521 plus
1331 2473 1469 2510 virium
1496 2473 1756 2520 recuperaret,
1788 2474 1866 2508 tum

370 2533 558 2579 Athenae,
587 2538 663 2570 tam
693 2534 937 2581 antiquorum
967 2535 1207 2572 sollemnium
1235 2534 1446 2582 participes
1466 2533 1603 2581 factae,
1631 2533 1719 2582 plus
1739 2534 1870 2572 existi-

459 2668 503 2711 36)
530 2666 698 2701 Herodot.
724 2667 750 2710 1,
767 2671 912 2702 50—52.
1051 2669 1097 2712 ⁸⁷)
1123 2668 1321 2714 Thucydid.
1348 2668 1411 2713 111,
1436 2677 1515 2713 cap.
1539 2670 1610 2703 104.

461 2724 505 2768 ³⁸)
532 2722 623 2757 Plut.
651 2723 721 2757 Sol.
749 2733 824 2767 cap.
852 2724 983 2758 XXIII.
