1957 3326
885 290 1166 331 -34-

272 418 436 465 primum
473 427 517 454 ac
552 415 705 452 tertium
741 415 815 459 (vel
852 416 1046 462 quartum)
1081 424 1221 451 annum
1256 411 1374 450 fuisse
1408 410 1696 456 intercalarem,
1737 410 1777 447 in

274 481 359 527 pari
388 491 478 517 vero
507 477 767 516 tantummodo
797 477 1025 522 secundum,
1063 476 1134 513 hoc
1163 476 1286 522 ipsum
1315 475 1442 513 evenit
1469 475 1507 512 in
1535 471 1778 512 Antiochidis

273 542 469 579 archontis
504 553 624 586 anno,
660 541 725 588 qui
761 539 832 577 fuit
861 539 1099 587 Olympiadis
1136 539 1390 585 octogesimae
1426 541 1558 576 sextae
1587 535 1778 575 secundus

273 609 377 647 (862
407 622 448 637 =
477 607 649 644 335134).
723 602 777 640 Ut
816 613 956 639 annum
999 601 1183 648 Enpteris
1228 600 1424 639 archontis
1474 600 1612 639 deliaci
1660 597 1778 637 fuisse

273 666 539 703 intercalarem
570 669 790 710 statuerem,
821 674 903 701 eam
933 663 980 700 ob
1010 674 1164 700 causam
1193 661 1278 708 feci,
1313 663 1404 709 quia
1435 663 1663 710 magistratu
1692 671 1778 699 eum

273 729 439 766 nondum
475 728 616 766 abiisse
645 727 779 764 titulus
809 726 907 764 idem
937 730 1104 764 testatur
1133 725 1348 763 Posideone
1377 725 1512 763 attico:
1541 723 1644 773 quod
1672 723 1778 762 nullo

273 791 405 838 modo,
447 792 478 828 si
516 790 677 838 simplex
713 789 850 827 fuisset
882 789 919 826 in
955 787 1065 826 fastis
1101 788 1260 825 deliacis
1295 788 1376 825 eius
1411 798 1554 834 annus,
1594 786 1677 826 fieri
1711 798 1780 835 po-

273 855 423 892 tuisset.

377 916 447 953 Rei
477 917 724 963 pecuniariae
752 916 904 963 templi,
940 915 1064 962 qualis
1094 919 1221 952 exstat
1253 915 1292 951 in
1321 913 1393 951 hoc
1420 913 1554 960 titulo,
1587 912 1778 950 rationem

274 979 374 1016 malo
402 979 440 1015 in
476 978 591 1016 alium
626 978 748 1015 locum
785 977 946 1023 diferre,
982 982 1024 1015 ut
1057 978 1142 1015 aliis
1177 988 1330 1024 quoque
1364 975 1578 1014 rationibus
1614 975 1778 1022 conatis,

273 1042 409 1078 melius
439 1041 610 1088 dignosci
640 1041 772 1087 possit..
830 1040 940 1086 Quod
971 1039 1122 1087 quidem
1145 1039 1361 1077 Boeckhius
1389 1039 1537 1076 monuit
1563 1042 1716 1076 exstare
1741 1038 1781 1075 in

273 1104 385 1141 titulo
415 1108 546 1141 nost-ro
584 1104 692 1150 signa
726 1102 914 1150 quaedam
949 1104 1067 1140 totius
1095 1101 1439 1140 administrationis
1475 1100 1645 1139 deliacae
1681 1111 1780 1138 nova

275 1167 425 1204 ratione
455 1167 665 1212 institutae,
696 1177 812 1213 quum
839 1166 1000 1213 praedia
1019 1166 1167 1213 aliquot
1195 1170 1233 1203 et
1260 1164 1385 1202 denuo
1414 1164 1542 1202 locata.
1560 1163 1780 1212 legerentur

275 1233 312 1266 et
340 1240 363 1266 a
391 1228 681 1275 magistratibus
711 1229 934 1273 terminata,
972 1240 1096 1276 neque
1125 1239 1356 1275 magnopere
1391 1227 1547 1275 obloqui
1575 1226 1681 1272 volo,
1716 1236 1781 1263 ne-

275 1303 348 1339 que
378 1292 492 1339 plane
522 1292 700 1329 assentiri
736 1303 903 1339 possum.
972 1291 1069 1329 Nam
1107 1290 1209 1338 quod
1242 1289 1351 1328 fundi
1383 1289 1456 1328 hoc
1488 1300 1588 1328 anno
1624 1287 1781 1337 quidam

275 1354 549 1398 terminantur,
593 1354 761 1401 cogitare
796 1358 945 1401 potest,
989 1365 1053 1391 eos
1089 1357 1180 1391 tunc
1214 1353 1379 1401 primum
1419 1351 1491 1390 deo
1533 1354 1780 1390 consecratos

275 1429 381 1462 esse,
419 1417 628 1454 locationes
656 1427 746 1453 vero
784 1417 875 1463 quin
905 1428 924 1453 e
954 1415 1138 1454 decennio
1167 1416 1207 1453 in
1235 1415 1462 1452 decennium
1495 1413 1780 1462 redintegratae

275 1481 369 1525 sint,
409 1480 549 1517 nemini
579 1484 638 1516 est
667 1479 834 1517 dubium.
891 1480 1026 1527 Neque
1055 1484 1182 1518 tamen
1210 1482 1331 1516 totam
1358 1477 1609 1525 pecuniarum
1636 1487 1781 1515 rerum-

276 1554 349 1590 que
392 1553 587 1580 sacrarum
623 1542 994 1580 administrationem
1031 1542 1112 1589 lege
1149 1541 1314 1590 quadam
1355 1540 1547 1578 severiore
1589 1540 1673 1588 ipso
1708 1539 1782 1578 hoc

275 1609 447 1651 tempore
491 1603 615 1641 denuo
659 1616 742 1641 esse
785 1605 1052 1650 constitutam,
1097 1615 1257 1651 prorsus
1298 1614 1438 1650 negare
1480 1602 1622 1649 audeo,
1664 1612 1781 1650 quum

276 1667 468 1714 cognitum
498 1667 547 1704 sit
576 1666 684 1704 nobis
715 1666 877 1703 Athenis
905 1678 924 1703 e
950 1667 1082 1713 populi
1110 1665 1264 1703 decreto
1291 1677 1374 1704 esse
1394 1665 1467 1703 hoc
1485 1664 1628 1703 factum
1648 1663 1782 1702 eodem

276 1728 440 1774 anno.2⁰)
509 1729 604 1766 Mihi
641 1729 794 1777 quidem
828 1729 902 1776 ipsi
939 1728 1095 1766 dubium
1129 1740 1205 1766 non
1242 1733 1317 1775 est,
1360 1728 1453 1775 quin
1494 1727 1590 1766 haec
1629 1727 1692 1765 lex
1732 1726 1782 1765 ob

276 1803 430 1829 causam
466 1793 515 1829 sit
550 1792 648 1838 lata,
691 1803 789 1839 quae
825 1804 886 1829 res
922 1792 1055 1840 templi
1091 1791 1227 1830 deliaci
1262 1792 1366 1829 nullo
1400 1790 1512 1829 modo
1553 1790 1782 1836 attingeret:

277 1859 314 1892 et
342 1854 415 1892 fuit
442 1854 537 1892 haec
572 1865 689 1892 causa
749 1876 759 1879 -
810 1854 991 1901 templum
1023 1854 1195 1892 Athenae
1226 1853 1411 1892 Partheni
1446 1858 1526 1891 tum
1559 1853 1685 1900 ipsum
1719 1863 1784 1889 ex-

277 1921 464 1954 structum
499 1921 614 1964 atque
651 1915 941 1963 opisthodomus
977 1916 1026 1954 ad
1061 1917 1244 1963 pecunias
1279 1926 1410 1954 sacras
1444 1912 1686 1963 recipiendas
1714 1924 1782 1962 pa-

276 1984 395 2017 ratus.
451 1980 547 2018 Nam
578 1979 679 2027 quod
709 1979 985 2027 Doerpfeldius
1015 1979 1280 2017 demonstrare
1310 1982 1472 2016 conatus
1509 1982 1568 2016 est
1600 1976 1784 2024 pecunias

277 2054 407 2080 sacras
437 2043 473 2079 in
503 2043 719 2090 antiquiore
748 2042 946 2080 Minervae
976 2042 1117 2089 templo
1144 2054 1227 2079 esse
1248 2041 1548 2086 administratas,
1577 2039 1673 2078 haec
1691 2049 1784 2077 con-

277 2107 425 2142 iectura
455 2105 617 2142 maxime
655 2104 806 2142 videtur
841 2104 1072 2142 dubitationi
1107 2105 1274 2142 obnoxia
1301 2104 1350 2142 ob
1378 2103 1547 2142 rationes
1583 2103 1622 2140 in
1650 2101 1784 2140 Peter-

278 2169 372 2206 senii
395 2168 699 2206 luculentissima
719 2167 980 2215 disputatione
1001 2168 1197 2215 expositas
1218 2167 1391 2214 aliasque
1409 2164 1595 2214 quasdam
1614 2162 1784 2211 meas.²¹)

279 2230 354 2268 Sed
391 2243 504 2278 quum
543 2235 579 2267 et
614 2235 764 2277 tempus
800 2230 890 2267 mihi
919 2229 965 2267 de
1001 2230 1060 2267 his
1094 2230 1210 2267 rebus
1246 2227 1487 2276 disceptandi
1525 2227 1626 2266 desit
1660 2237 1784 2275 neque

279 2292 385 2329 locus
416 2291 591 2329 videatur
620 2297 881 2338 opportunus,
917 2292 948 2328 si
979 2292 1062 2339 quis
1091 2292 1255 2329 animum
1285 2290 1444 2328 inducat
1471 2289 1519 2328 ob
1547 2289 1643 2328 alias
1671 2299 1786 2337 quas-

278 2353 365 2391 dam
402 2365 538 2391 causas
575 2354 758 2401 populum
795 2353 1068 2391 Atheniensem
1105 2364 1235 2391 omnes
1275 2354 1459 2400 pecunias
1495 2362 1626 2391 sacras
1667 2355 1784 2400 atque

369 2493 415 2533 2⁰)
441 2493 478 2528 C.
499 2494 522 2527 l.
543 2494 584 2527 Λ.
613 2494 638 2537 1,
664 2497 724 2528 32:
758 2494 801 2527 ad
829 2505 933 2537 quem
961 2494 1103 2528 titulum
1129 2494 1191 2528 cfr.
1217 2493 1432 2528 Kirchhoffii
1458 2492 1525 2527 viri
1549 2491 1784 2528 illustrissimi

279 2550 540 2594 disputationes
567 2550 673 2594 duas,
709 2561 800 2593 quae
827 2551 870 2584 ad
904 2551 996 2585 hanc
1030 2561 1103 2585 rom
1135 2555 1299 2594 spectant
1331 2555 1367 2585 et
1398 2560 1442 2585 ne
1470 2549 1617 2584 minima
1641 2547 1786 2593 quidem

279 2620 323 2643 ex
360 2614 460 2652 parte
499 2612 582 2641 sunt
610 2607 809 2641 infirmatae
847 2607 1019 2651 speciosis
1055 2607 1216 2642 Belochii
1247 2605 1582 2642 ratiocinationibus
1618 2605 1654 2640 in
1690 2604 1783 2640 Mus.

282 2666 392 2699 lthen.
421 2664 550 2707 XLIII,
578 2675 610 2708 p.
634 2667 780 2707 lsssssqq.

369 2722 415 2767 2¹)
441 2723 510 2756 Cir.
538 2720 705 2755 Mittheil.
733 2719 764 2754 d.
792 2720 952 2756 deutsch.
979 2720 1180 2755 arch.1nst.
1207 2719 1248 2755 Β.
1266 2720 1346 2766 XII,
1372 2731 1405 2765 p.
1425 2719 1524 2765 25ffi,
1547 2718 1648 2765 6215„
1677 2717 1784 2755 190ff.
