1957 3293
888 311 1198 352 —198—

395 437 437 475 In
466 436 685 475 domesticis
713 436 828 474 rebus
857 434 1172 475 administrandis
1206 435 1470 474 cleruchorum
1498 435 1654 481 civitas,
1690 446 1790 484 quae

292 500 562 548 appellabatur
596 498 617 535 ὁ
646 499 766 549 δῆμος
795 499 816 535 ὁ
840 497 1044 549 Ἀθηναίων
1081 497 1157 534 τῶν
1186 495 1227 535 ἐν
1255 497 1363 548 Δήλῳ
1391 494 1697 544 κατοικούντων,
1735 498 1794 536 sui

293 564 388 601 iuris
417 567 510 600 erat.
567 562 774 600 Habebant
802 564 900 600 enim
931 566 969 600 et
997 565 1169 599 senatum
1200 565 1238 599 et
1265 561 1397 609 populi
1425 561 1660 607 contionem,
1696 571 1795 609 quae

291 627 330 663 in
359 622 704 675 ἐκκλησιαστήριον
723 626 839 662 certis
860 624 994 662 diebus
1014 623 1267 661 conveniebat
1285 620 1489 673 (ἐκκλησία
1506 621 1650 672 κυρία),
1678 623 1796 662 inter-

292 688 380 726 dum
411 689 522 726 etiam
553 691 663 725 extra
692 687 863 725 ordinem
892 687 1184 725 convocabatur.
1242 685 1285 723 In
1314 690 1479 733 utroque
1507 688 1635 724 autem
1664 696 1795 724 omnes

292 762 354 788 res
386 750 433 788 ad
463 761 632 788 normam
668 750 904 798 reipublicae
934 750 1180 788 Atheniensis
1215 749 1468 797 gerebantur,
1502 752 1547 786 ut
1575 760 1622 786 ex
1649 748 1798 796 aliquot

293 813 459 851 decretis
489 811 709 853 servatisffl)
740 813 938 850 discimus:
982 813 1131 859 rogatio
1167 812 1324 859 quaevis
1361 811 1409 849 ab
1444 814 1596 849 oratore
1632 811 1796 858 primum

293 877 443 913 senatui
480 875 787 923 proponebatur,
823 879 865 912 ut
899 873 1172 923 προβούλευμα
1206 873 1336 921 fieret,
1374 873 1513 912 deinde
1548 872 1748 913 ferebatur
1775 885 1799 912 a

292 938 468 985 proedris
487 950 506 976 e
527 941 747 975 senatorum
777 948 934 974 numero
964 937 1003 974 in
1025 936 1195 984 singulos
1225 935 1406 984 deinceps
1427 935 1511 974 dies
1531 939 1636 975 sorte
1655 937 1797 975 creatis

293 1000 341 1038 ad
379 1001 590 1048 proximam
627 1000 761 1048 populi
797 1000 1015 1037 contionem
1052 999 1184 1037 addito
1221 999 1554 1037 senatusconsulto
1590 996 1800 1050 (δεδόχθαι

294 1066 339 1114 τῇ
365 1062 487 1114 βουλῇ
515 1061 606 1104 τοὺς
636 1060 829 1112 λαχόντας
855 1060 1072 1111 προέδρους
1101 1060 1157 1103 εἷς
1177 1059 1240 1111 τὴν
1269 1059 1452 1098 ἐπιοῦσαν
1471 1057 1678 1112 ἐκκλησίαν
1703 1074 1801 1113 χρη-

291 1125 452 1175 ματίσαι
481 1124 565 1174 περὶ
594 1124 760 1171 τούτων,
797 1123 946 1173 γνώμην
974 1123 1018 1160 δὲ
1049 1121 1342 1173 συμβάλλεσθαι
1377 1124 1446 1174 τῆς
1471 1123 1616 1175 βουλῆς
1649 1123 1708 1167 εἷς·
1734 1123 1800 1162 τὸν

294 1186 428 1237 δῆμον,
459 1186 518 1223 ὅτι
548 1186 661 1224 δοκεῖ
686 1191 731 1237 τῇ
760 1186 883 1237 βουλῇ
912 1190 1021 1233 etc),
1051 1191 1247 1234 postremo
1276 1186 1324 1225 ab
1354 1187 1573 1226 oratoribus
1600 1199 1643 1226 re
1671 1186 1801 1235 dispu-

294 1256 376 1289 tata
410 1251 573 1298 populus
608 1250 647 1287 in
684 1250 866 1297 suffragia
900 1249 1127 1288 mittebatur
1155 1260 1177 1287 a
1206 1248 1460 1297 proedrorum
1494 1250 1670 1298 principe
1707 1249 1801 1292 (τῶν

294 1312 495 1364 προέδρων
523 1311 756 1363 ἐπεψήφισεν
785 1312 805 1349 ὁ
834 1311 969 1359 δεῖνα).
1024 1312 1210 1350 Fueritne
1248 1316 1405 1351 senatus
1439 1313 1479 1350 in
1512 1313 1713 1361 prytanias
1741 1311 1800 1350 di-

295 1379 398 1415 visus
428 1388 533 1415 more
563 1378 700 1423 attico,
730 1388 806 1414 non
836 1380 988 1414 constat
1014 1386 1136 1422 neque
1166 1375 1372 1414 verisimile
1401 1375 1570 1423 videtur,
1599 1386 1685 1414 cum
1713 1386 1798 1414 esse

295 1441 485 1489 potuerit,
528 1443 569 1477 ut
610 1440 725 1487 phyle
767 1440 861 1477 haec
902 1439 963 1476 vel
1005 1439 1072 1477 illa
1112 1438 1257 1476 nullum
1299 1438 1520 1477 cleruchum
1562 1442 1631 1477 aut
1669 1437 1801 1476 admo-

295 1503 383 1540 dum
414 1515 558 1551 paucos
587 1504 624 1540 in
654 1503 817 1540 insulam
847 1503 983 1540 missos
1012 1502 1189 1540 haberet:
1226 1502 1266 1539 in
1293 1501 1458 1540 decretis
1487 1505 1592 1540 certe
1625 1501 1733 1539 nulla
1758 1499 1802 1538 fit

295 1578 426 1604 eorum
456 1566 598 1603 mentio
627 1565 787 1613 diesque
815 1565 1003 1603 contionis
1033 1563 1241 1602 secundum
1270 1562 1392 1602 fastos
1420 1562 1612 1602 definitur.
1668 1563 1803 1611 Neque

296 1630 455 1674 scimus,
499 1633 565 1667 aut
600 1628 757 1676 proedri
793 1631 949 1665 senatus
984 1631 1051 1665 aut
1091 1627 1261 1664 universi
1296 1629 1494 1664 senatores
1531 1629 1626 1674 quot
1659 1625 1805 1664 fuerint

296 1703 467 1737 numero,
498 1696 535 1730 et
564 1704 610 1729 ne
641 1691 686 1729 de
717 1691 845 1729 scriba
873 1690 1026 1738 quidem
1055 1690 1210 1738 publico
1240 1690 1444 1737 quicquam
1465 1690 1659 1736 cognitum
1686 1688 1804 1727 habe-

296 1767 396 1801 mus,
426 1767 509 1792 cum
539 1766 727 1802 nusquam
757 1757 1094 1799 commemoretur,
1130 1763 1360 1801 quamquam
1392 1762 1477 1790 eum
1506 1750 1626 1790 fuisse
1656 1754 1803 1789 certum

297 1822 365 1855 est.
423 1818 593 1855 Decreta
620 1822 747 1855 autem
777 1817 909 1865 populi
938 1817 1044 1854 nulla
1072 1815 1121 1854 ad
1149 1827 1218 1854 nos
1247 1815 1471 1863 pervenisse
1499 1818 1657 1862 praeter
1685 1813 1805 1852 hono-

296 1879 403 1917 rifica
433 1892 507 1918 non
536 1881 671 1917 mirum
702 1885 772 1927 est,
801 1891 886 1918 cum
916 1883 953 1918 et
981 1880 1076 1917 haec
1104 1889 1262 1916 numero
1291 1881 1422 1916 cetera
1449 1877 1577 1915 omnia
1597 1887 1804 1925 superasse

300 1943 501 1990 probabile
537 1955 661 1990 neque
700 1944 778 1981 ulla
813 1944 890 1981 alia
924 1942 1043 1990 lapidi
1072 1941 1189 1979 incidi
1224 1941 1338 1979 solita
1376 1951 1461 1978 esse
1497 1951 1611 1988 quam
1639 1940 1804 1978 maxime

302 2006 507 2043 verisimile
539 2007 599 2043 sit.
647 2005 921 2044 Cleruchorum
953 2005 1150 2043 decretum
1179 2003 1281 2052 quod
1310 2006 1450 2050 exstat,
1479 2013 1555 2051 quo
1581 2006 1661 2041 tres
1687 2002 1806 2050 legati

298 2069 421 2106 creari
450 2069 648 2113 iubentur,
687 2071 751 2117 qui
781 2069 954 2107 Athenas
983 2068 1078 2106 illud
1114 2066 1292 2106 deferant
1326 2069 1442 2114 atque
1471 2076 1494 2104 a
1521 2065 1655 2114 populi
1687 2064 1804 2103 Athe-

299 2132 486 2169 niensium
515 2132 714 2177 contione‚
750 2136 792 2169 ut
820 2130 1084 2177 confirmetur,
1119 2128 1333 2178 petant‚⁸³)
1370 2128 1477 2167 fuere
1507 2127 1573 2177 qui
1600 2127 1806 2166 crederent

299 2194 426 2231 omnia
461 2194 726 2232 cleruchorum
757 2194 932 2241 decreta,
967 2198 1010 2232 ut
1037 2198 1123 2232 rata
1159 2196 1306 2239 essent,
1341 2192 1411 2230 tali
1438 2190 1552 2230 modo
1587 2188 1806 2229 confirmari

300 2256 497 2301 debuisse;
541 2256 607 2293 sed
648 2257 865 2295 Boeckliins
900 2258 973 2295 iam
1010 2258 1048 2294 in
1083 2255 1357 2295 commentario
1398 2253 1487 2292 huic
1520 2253 1634 2292 titulo
1670 2251 1803 2291 addito

299 2318 479 2356 refutavit
510 2319 608 2356 hunc
629 2330 798 2357 errorem
831 2320 1008 2357 »maioris
1030 2318 1205 2357 beneficii
1226 2329 1364 2357 causa«
1396 2316 1470 2354 hoc
1495 2314 1639 2355 factum
1658 2314 1804 2362 dicens,

301 2386 342 2418 ut
370 2381 545 2418 Eubulus
576 2382 761 2419 Demetrii
792 2381 815 2419 f.
846 2382 1174 2420 Marathoniensis
1203 2404 1252 2408 —
1280 2381 1368 2419 huic
1403 2380 1504 2418 enim
1537 2378 1703 2418 honores
1740 2377 1806 2417 de-

300 2448 510 2482 cernuntur
529 2466 590 2491 —‚
619 2456 705 2482 cum
727 2446 847 2483 civem
877 2457 917 2483 se
939 2445 1079 2483 bonum
1110 2445 1371 2493 praestitisset
1398 2441 1437 2479 in
1457 2441 1608 2481 theoria
1633 2441 1684 2480 ad
1703 2441 1804 2480 Pan-

302 2592 444 2635 tarium,
470 2603 574 2635 quem
599 2591 755 2626 Foucart
782 2591 914 2626 adiecit
939 2591 1082 2626 decreto
1107 2590 1357 2635 antiquissimo
1383 2589 1507 2636 populi
1531 2587 1806 2624 Atheniensium

303 2650 345 2685 (le
371 2649 554 2685 cleruchia
580 2649 795 2684 Salaminem
820 2649 1009 2684 mittenda:
1049 2649 1140 2684 Bull.
1167 2649 1199 2683 d.
1227 2648 1324 2684 Corr.
1350 2647 1443 2683 Hell.
1469 2645 1550 2690 XII,
1575 2656 1608 2691 p.
1625 2647 1657 2682 7.

393 2707 438 2750 ⁸²)
464 2707 501 2741 C.
516 2707 541 2741 1.
558 2706 598 2741 G.
618 2708 724 2750 2270;
751 2706 843 2741 Bull.
870 2706 902 2741 d.
930 2706 1027 2741 Corr.
1055 2706 1147 2742 Hell.
1174 2706 1217 2751 X,
1243 2717 1276 2751 p.
1295 2708 1339 2742 :35
1363 2709 1400 2740 et
1423 2705 1478 2740 37.

395 2763 439 2807 ⁸³)
465 2762 501 2796 C.
517 2762 542 2797 Ι.
558 2763 599 2797 G.
622 2764 722 2798 2270.
