1957 3326
919 291 1201 333 -80—

311 416 436 463 poris,
472 426 548 463 quo
577 415 750 463 singulae
779 419 909 454 essent
939 415 1106 461 dicatae,
1144 418 1222 453 tum
1252 414 1675 468 Pharacemucoronam
1703 427 1810 456 suam

311 478 480 524 Apollini
510 488 758 516 consecrasse
793 483 882 526 post
910 478 1149 526 Lysandrum
1179 479 1210 516 si
1240 489 1315 516 non
1344 482 1451 517 certa
1478 480 1629 518 ratione
1657 479 1811 518 demon—

311 541 439 586 strari,
470 545 510 578 at
537 551 621 578 cum
650 552 788 588 magna
815 541 1100 588 probabilitatis
1137 542 1264 588 specie
1294 540 1381 579 inde
1411 542 1533 580 conici
1568 543 1679 590 licet,
1709 542 1811 591 quod

311 607 400 650 post
429 615 513 641 eum
542 604 759 642 nauarchus
788 615 872 642 cum
907 605 1030 642 classe
1066 605 1104 642 in
1134 605 1288 651 Aegaeo
1322 606 1418 643 mari
1446 610 1622 643 versatus
1656 609 1734 652 est,
1770 608 1813 643 ut

310 667 384 703 iam
414 678 483 705 suo
512 667 595 705 loco
623 667 799 705 diximus.
848 668 953 714 Quae
980 669 1011 705 si
1038 672 1142 705 recte
1169 667 1368 715 disputata
1393 672 1493 714 sunt,
1523 680 1542 706 e
1567 668 1671 706 tituli
1691 669 1812 706 nostri

314 729 441 766 verbis
463 729 577 767 credo
599 731 693 767 satis
715 734 818 768 certe
847 731 974 778 colligi
995 742 1122 778 posse,
1153 741 1227 778 quo
1256 734 1428 778 tempore
1457 730 1564 768 aedis
1593 730 1655 769 dei
1683 742 1812 769 recen-

311 792 459 829 tissima
487 797 603 839 atque
631 792 902 840 pulcherrima,
933 796 1129 830 exstructa
1157 793 1217 829 sit.
1274 791 1367 829 Cum
1397 792 1494 829 enim
1523 794 1716 840 cognitum
1746 792 1811 831 ha·

311 854 468 892 beamus
491 855 705 903 Glaucippo
727 856 840 893 ctiam
860 855 1044 893 archonte
1065 866 1179 892 uuum
1201 854 1312 892 modo
1333 853 1462 893 fanum
1483 854 1676 902 Apollinis
1695 854 1812 893 fuisse

312 918 438 965 sitque
470 919 783 955 verisimillimum
813 919 948 956 ducum
971 918 1365 956 Lacedaemoniorum
1386 917 1497 965 dona,
1527 922 1570 955 ut
1587 918 1710 966 prImo
1729 918 1813 956 loco

309 980 348 1017 in
377 981 463 1017 novi
492 981 623 1028 templi
653 982 878 1019 inventariis
900 980 1125 1027 afferuntur,
1154 981 1208 1018 ita
1229 981 1354 1028 prima
1381 991 1534 1028 quoque
1562 991 1646 1018 esse
1672 980 1811 1026 dicata,

310 1041 432 1080 facilis
471 1047 528 1080 est
563 1044 786 1081 coniectura
830 1043 1050 1080 »Deliorum
1085 1043 1292 1090 templum«
1333 1054 1418 1081 esse
1453 1046 1686 1081 exstructum
1722 1047 1812 1081 ante

310 1116 450 1143 aunum
486 1109 589 1145 certe
625 1110 718 1153 394,
755 1118 829 1154 quo
859 1105 1058 1154 Lysander
1095 1106 1242 1154 proelio
1277 1105 1326 1144 ad
1359 1105 1574 1144 Haliartum
1609 1106 1812 1144 commisso

311 1172 369 1206 est
397 1168 639 1214 interfectus,
669 1169 729 1206 vel
757 1170 897 1217 potius,
927 1173 969 1207 ut
998 1181 1079 1208 mea
1110 1173 1168 1207 est
1197 1169 1408 1216 sententia,
1437 1172 1526 1207 ante
1555 1179 1695 1207 annum
1725 1173 1813 1216 397,

311 1242 386 1278 quo
417 1231 569 1269 Pharax
606 1232 717 1269 classi
747 1231 933 1280 praefuit,
971 1232 1037 1270 sed
1068 1244 1143 1270 non
1172 1233 1227 1270 ita
1255 1232 1374 1270 multo
1403 1235 1509 1270 ante:
1543 1232 1645 1270 inter
1673 1243 1813 1270 annum

311 1293 428 1339 igitur
449 1298 534 1340 402,
565 1306 639 1342 quo
665 1294 786 1332 Delus
816 1295 1117 1333 Atheniensibus
1148 1299 1282 1343 erepta
1311 1299 1381 1342 est,
1411 1298 1450 1333 et
1477 1297 1549 1333 397
1579 1294 1695 1333 credo
1723 1305 1812 1333 con-

309 1354 448 1394 fectum
481 1368 564 1394 esse
594 1369 770 1405 magnum
800 1359 991 1406 Apollinis
1028 1357 1175 1406 fanum,
1215 1358 1317 1406 quod
1351 1361 1488 1406 postea
1524 1356 1546 1394 ὖ
1575 1356 1666 1400 ναὸς
1692 1355 1813 1395 Ἀπόλ-

311 1418 433 1461 λωνος
462 1419 603 1457 dictum
635 1424 693 1458 est
725 1418 817 1457 κατ’
844 1419 1007 1472 ἐξοχήνς
1036 1421 1189 1469 quando
1220 1433 1309 1460 vero
1331 1420 1526 1458 aedificari
1545 1424 1723 1468 coeptum
1753 1420 1814 1467 sit,

311 1482 505 1529 explorari
538 1483 642 1521 nullo
668 1483 778 1522 modo
800 1488 941 1531 potest,
973 1484 1039 1522 sed
1061 1496 1136 1522 non
1156 1495 1388 1532 magnopere
1409 1495 1539 1522 errare
1558 1483 1650 1521 mihi
1669 1482 1813 1531 videor,

311 1545 343 1581 si
371 1555 447 1582 non
477 1549 565 1583 aute
586 1546 719 1584 Niciae
748 1558 882 1594 pacem
905 1550 1012 1593 (421)
1042 1548 1113 1585 hoc
1142 1547 1285 1585 factum
1315 1551 1455 1585 statuo.
1503 1545 1638 1594 Neque
1659 1545 1814 1584 obstare

310 1606 501 1653 videntur,
531 1619 628 1655 quae
656 1613 745 1646 sunt
764 1610 919 1648 inventa
939 1610 1079 1658 fastigii
1101 1614 1327 1648 ornamenta
1347 1609 1554 1648 statuaria:
1585 1609 1677 1657 quin
1697 1609 1813 1646 etiam

312 1682 441 1708 eorum
483 1671 610 1709 indole
641 1673 928 1710 accuratissime
959 1674 1176 1711 examinata
1204 1672 1495 1720 Furtwaengler
1523 1671 1683 1710 similem
1729 1682 1816 1719 pro-

311 1732 399 1770 tulit
427 1731 473 1769 de
503 1736 686 1780 tempore,
717 1745 792 1781 quo
822 1733 995 1772 confecta
1025 1739 1125 1781 sunt,
1155 1736 1383 1773 sententiam
1404 1734 1453 1779 ⁹⁷)

414 1795 489 1833 Sed
518 1795 623 1833 aliud
650 1800 719 1843 est,
750 1796 851 1844 quod
879 1798 1021 1834 maiore
1042 1808 1127 1834 cum
1148 1798 1274 1845 specie
1295 1803 1432 1835 contra
1452 1797 1669 1845 opinionem
1689 1806 1813 1835 meam

312 1856 478 1905 proferri
507 1859 650 1905 possit:
689 1870 708 1895 e
738 1858 903 1896 sedecim
933 1860 1032 1896 enim
1066 1860 1369 1898 inventariorum
1403 1859 1627 1908 fragmentis
1663 1869 1816 1898 conser-

310 1921 408 1958 vatis
437 1931 521 1957 cum
544 1921 691 1958 maiora
711 1925 856 1969 septem
877 1921 926 1959 ad
946 1921 1102 1959 verbum
1132 1921 1211 1960 fere
1241 1934 1325 1960 cum
1353 1923 1465 1961 titulo
1494 1926 1628 1960 nostro
1657 1932 1816 1960 consen·

311 1984 421 2029 tiant,
452 1984 525 2020 nisi
555 1984 656 2031 quod
686 1996 784 2022 nova
804 1985 904 2022 dona
923 1985 1056 2023 addita
1082 1985 1240 2032 sunt,⁹⁸›
1269 1986 1346 2024 tria
1365 1997 1455 2024 vero
1475 1989 1554 2023 tam
1574 1985 1651 2023 sint
1669 1984 1816 2030 mutila,

310 2049 352 2083 ut
379 2045 426 2082 de
455 2046 501 2083 iis
530 2046 623 2083 nihil
653 2048 747 2085 certi
777 2048 850 2084 dici
886 2047 1084 2095 possit‚99)
1121 2060 1187 2086 sex
1224 2048 1374 2096 reliqua
1408 2049 1529 2096 primo
1564 2050 1724 2095 aspectu
1762 2047 1818 2085 ita

311 2108 503 2155 differunt,
534 2114 576 2146 ut
606 2109 654 2147 ad
683 2109 787 2147 aliud
817 2111 1117 2148 inventariorum
1138 2122 1258 2159 genus
1278 2111 1472 2158 pertinere
1493 2109 1710 2157 videantur,
1739 2120 1815 2158 quo

314 2172 398 2219 quis
428 2171 585 2209 credere
615 2173 738 2219 possit
766 2184 850 2210 esse
881 2174 1099 2221 perscripta
1127 2173 1227 2212 dona
1262 2174 1300 2211 in
1334 2183 1471 2221 magno
1499 2172 1690 2220 Apollinis
1726 2171 1816 2210 fano

312 2238 521 2271 asservata.
572 2235 741 2280 Quorum
772 2238 966 2282 quattuor,
996 2235 1097 2272 inter
1126 2247 1165 2272 se
1188 2235 1391 2282 simillima,
1420 2234 1521 2273 infra
1541 2238 1653 2273 erunt
1673 2235 1815 2273 exami-

311 2296 455 2342 nanda3
494 2297 554 2333 bic
587 2296 633 2334 ‹le
670 2297 820 2335 duobus
856 2298 1063 2344 disseram,
1101 2298 1164 2335 ubi
1200 2297 1333 2347 φιάλαι
1367 2300 1714 2336 commemorentur
1746 2308 1817 2345 per

311 2358 464 2396 ordines
494 2358 645 2408 (ῥυμοί)
674 2360 897 2407 dispositae.
960 2361 1087 2408 Atque
1123 2360 1284 2398 alterum
1319 2360 1599 2406 frustulum100)
1640 2360 1731 2408 quin
1767 2359 1816 2398 ad

311 2421 460 2459 Dianae
496 2422 627 2469 templi
670 2423 886 2460 inventaria
928 2424 977 2460 sit
1013 2422 1277 2470 referendum,
1320 2435 1429 2462 nemo
1467 2423 1645 2461 dubitare
1687 2425 1818 2471 potest

402 2571 447 2615 97)
470 2569 685 2613 Archiiolog.
713 2569 802 2603 Zeit.
834 2572 928 2613 1882,
955 2581 987 2613 p.
1007 2572 1085 2605 335.
1240 2570 1285 2616 ⁹⁸)
1311 2570 1388 2605 C.I.
1404 2571 1447 2605 A.
1473 2570 1518 2616 11,
1543 2572 1621 2614 813,
1645 2572 1816 2615 816—18,

310 2631 388 2672 820,
411 2632 495 2671 8243
522 2627 613 2661 Bull.
640 2626 672 2661 d.
699 2628 795 2660 Corr.
824 2626 915 2660 liell.
933 2626 1029 2671 VIII,
1056 2638 1088 2671 p.
1108 2629 1300 2662 299-302.
1439 2628 1484 2673 ⁹9)
1510 2627 1547 2663 C.
1562 2627 1589 2662 Ι.
1604 2628 1647 2663 A.
1667 2627 1713 2672 11,
1737 2629 1816 2678 819,

311 2688 397 2729 823;
424 2685 514 2720 Bull.
542 2684 573 2718 (1.
601 2685 697 2719 Corr.
726 2683 816 2718 Iiell.
836 2683 929 2727 VIII,
956 2695 989 2728 p.
1010 2687 1179 2720 319—20.
1337 2686 1396 2731 ¹⁰⁰)
1421 2684 1512 2720 Bull.
1538 2684 1572 2719 d.
1599 2684 1696 2720 Corr.
1723 2683 1816 2719 Hell.

312 2742 408 2787 vm,
435 2754 469 2787 p.
488 2746 564 2778 315.
