1957 3326
900 291 1181 332 ...32-

954 425 967 470 1
996 427 1019 454 a
1045 415 1170 454 medio
1199 416 1497 454 Anthesterione

910 477 918 485 ‘
949 471 966 520 l
996 479 1046 518 ad
1074 479 1238 517 medium
1269 479 1586 528 Elapheboliona.

955 550 966 595 Ι
997 553 1020 581 a
1047 541 1171 580 medio
1200 542 1505 590 Elaphebolione

909 603 916 612 ‘
950 596 968 646 l
998 604 1046 642 ad
1075 604 1239 642 medium
1268 605 1540 653 Munychiona.

998 678 1021 705 a
1047 667 1172 705 medio
1201 666 1460 714 Munychione

951 676 969 771 ἶ
998 729 1047 768 ad
1074 729 1239 768 medium
1268 730 1541 778 Thargeliona.

999 804 1022 831 a
1049 793 1173 830 medio
1202 792 1457 841 Thargelione

952 802 969 897 ί
998 855 1047 893 ad
1075 855 1240 893 medium
1270 855 1579 904 Scirophoriona.

998 929 1021 956 a
1048 918 1173 956 medio
1203 917 1501 967 Scirophorione

997 981 1047 1018 ad
1074 980 1240 1019 medium
1269 981 1610 1020 Hecatombaiona.

958 1052 970 1097 ς
1000 1055 1023 1082 a
1049 1044 1174 1082 medio
1203 1044 1529 1083 Hecatombaione

952 1098 969 1148 l
999 1106 1048 1144 ad
1076 1106 1241 1144 medium
1268 1106 1586 1154 Metageitniona.

999 1180 1023 1207 a
1051 1169 1176 1207 medio
1205 1169 1506 1217 Metageitnione

999 1231 1047 1269 ad
1075 1233 1240 1270 medium
1271 1232 1562 1271 Boedromiona.

997 1305 1020 1332 a
1047 1294 1172 1332 medio
1200 1294 1481 1333 Boedromione

999 1356 1047 1395 ad
1075 1356 1238 1394 medium
1268 1357 1551 1405 Pyanopsiona.

958 1428 969 1473 1
1001 1431 1024 1458 a
1051 1419 1176 1458 medio
1205 1419 1474 1467 Pyanopsione

912 1482 919 1490 '
952 1474 971 1525 l
1000 1482 1050 1520 ad
1077 1482 1244 1520 medium
1273 1482 1604 1521 Maimacteriona.

954 1554 966 1599 Ι
997 1556 1021 1583 a
1047 1544 1172 1583 medio
1200 1544 1529 1583 Maimaeterione.

909 1607 916 1614 '
949 1600 967 1650 l
996 1607 1046 1646 ad
1073 1607 1238 1645 medium
1266 1606 1496 1645 Posideona.

395 1673 481 1711 Tali
516 1673 665 1710 ratione
702 1671 893 1717 adhibita,
930 1671 1091 1708 lacunae
1135 1669 1288 1718 quidem
1325 1670 1547 1718 explentur,
1590 1669 1658 1708 sed
1693 1669 1792 1708 aliae

292 1738 468 1775 oriuntur
504 1735 762 1773 difficultates.
819 1734 895 1772 Iam
933 1735 969 1771 in
1005 1738 1137 1771 nostro
1174 1733 1287 1770 titulo
1323 1744 1439 1781 quum
1468 1735 1619 1770 exstent
1654 1732 1790 1770 verba:

293 1797 430 1850 »ἄρχει
466 1799 570 1842 (scil.
610 1798 868 1841 locationum)
899 1794 1182 1845 Μεταγειτνιών
1212 1793 1286 1845 μὴν
1310 1793 1495 1844 Ἀθήνησι,
1525 1793 1566 1831 ἐν
1600 1793 1711 1845 Δήλῳ
1747 1794 1793 1832 δὲ

296 1861 516 1911 Βουφονιιὺν
550 1860 677 1911 μήνα,
713 1864 751 1897 et
784 1859 994 1897 locationes
1030 1869 1104 1896 non
1138 1869 1161 1896 a
1195 1862 1276 1895 toto
1304 1869 1452 1904 mense,
1481 1857 1549 1896 sed
1576 1868 1600 1896 a
1626 1857 1688 1895 die
1716 1867 1795 1895 una

291 1926 499 1963 constituta
535 1925 684 1961 initium
720 1934 860 1970 capere
896 1922 1075 1959 dicantur
1108 1931 1266 1959 necesse
1308 1921 1376 1967 sit,
1418 1931 1441 1958 a
1481 1921 1605 1968 prima
1645 1920 1794 1958 scilicet

293 1990 393 2033 eine,
424 1988 489 2034 qui
518 1987 741 2024 nominatim
771 1984 944 2023 adfertur
971 1985 1132 2031 mensis,
1167 1983 1324 2021 dubium
1353 1987 1430 2031 est,
1466 1987 1593 2021 utrum
1621 1993 1645 2021 a
1671 1981 1795 2020 Meta-

296 2051 476 2099 gitnionis
506 2050 612 2087 attici
642 2061 689 2086 an
721 2049 982 2096 Buphonionis
1011 2047 1148 2085 deliaci
1177 2047 1238 2086 die
1273 2048 1396 2095 prima
1430 2046 1511 2084 dies
1548 2044 1794 2093 computandi

294 2115 382 2151 sint.
441 2112 591 2150 Deinde
628 2113 830 2160 septimum
867 2112 1051 2159 cuiusque
1089 2111 1226 2148 mensis
1265 2110 1363 2148 diem
1400 2109 1502 2158 apud
1537 2108 1792 2147 Athenienses

299 2188 448 2215 sacrum
479 2175 596 2213 fuisse
626 2176 814 2223 Apollinis
844 2179 972 2212 notum
1003 2179 1061 2212 est
1089 2174 1295 2222 itidemque
1331 2173 1470 2211 scimus
1506 2171 1667 2210 eundem
1696 2170 1796 2209 diem

295 2240 496 2287 septimum
528 2237 630 2285 apud
666 2238 797 2275 Delios
826 2249 977 2285 quoque
1011 2237 1177 2274 natalem
1211 2236 1402 2283 Apollinis
1436 2234 1609 2273 habitum
1647 2253 1694 2261 —
1729 2233 1797 2270 mi-

296 2314 378 2340 rum
409 2303 524 2348 igitur
553 2301 668 2346 foret,
707 2301 737 2337 si
768 2312 946 2338 numerus
982 2304 1127 2337 tantun}
1167 2299 1262 2345 diei,
1305 2310 1379 2336 nou
1415 2297 1496 2335 dies
1537 2297 1620 2344 ipse
1661 2306 1797 2334 conve-

299 2365 409 2401 niret.
467 2364 541 2401 Sed
572 2363 674 2411 quod
705 2370 763 2401 est
791 2364 1070 2409 gravissimum,
1100 2362 1192 2399 nulli
1223 2364 1377 2399 exstant
1404 2359 1493 2398 fasti
1521 2359 1636 2397 ullius
1664 2357 1797 2406 populi

295 2427 437 2474 graeci,
467 2426 529 2462 ubi
561 2437 708 2463 menses
738 2437 812 2463 non
841 2437 865 2463 a
894 2422 1086 2474 νουμηνιξι,
1117 2434 1215 2471 quae
1244 2422 1395 2466 dicitur,
1431 2421 1579 2458 initium
1608 2420 1793 2468 ceperint,

297 2488 399 2537 quod
434 2489 471 2525 in
507 2488 654 2526 deliaco
685 2488 873 2529 eveniret,
910 2488 941 2524 si
972 2486 1152 2524 Homollii
1182 2485 1367 2523 rationem
1404 2493 1666 2531 sequeremur.
1721 2481 1798 2520 Sed

299 2551 377 2589 alia
417 2553 477 2587 est
517 2549 738 2587 lacunarum
780 2549 930 2586 illarum
965 2547 1115 2585 medela
1156 2557 1278 2594 eaque
1321 2544 1517 2591 facillima,
1563 2554 1676 2592 quam
1714 2545 1797 2583 viro

303 2613 526 2653 doctissimo
574 2624 647 2650 non
702 2613 852 2649 venisse
898 2613 935 2649 in
982 2615 1146 2649 mentem
1201 2608 1404 2647 admodum
1449 2608 1577 2646 miror.
1650 2607 1797 2646 Scimus

299 2677 337 2714 in
373 2676 546 2725 plurimis
583 2675 770 2713 Graeciae
813 2674 1029 2712 civitatibus
1064 2672 1182 2711 fuisse
1216 2671 1289 2710 hoc
1322 2674 1494 2719 tempore
1521 2670 1561 2708 in
1588 2681 1661 2709 usu
1687 2667 1799 2707 baere-

298 2738 436 2789 τηρίὸα
473 2750 570 2786 quae
610 2742 787 2784 vocatur,
831 2738 899 2776 tali
941 2737 1052 2775 modo
1094 2735 1362 2782 constitutam,
1402 2736 1445 2772 ut
1485 2736 1571 2772 octo
1612 2743 1799 2772 annorum

552 455 585 488 3.
615 450 808 489 Galaxion
845 477 853 485 .

550 580 584 612 4.
616 575 849 613 Astemision

550 701 848 749 5.Tha1·gelion
909 729 917 737 .

551 831 584 864 6.
615 827 804 865 Panemos
846 854 854 862 .
911 854 919 862 .

552 954 586 990 7.
615 952 919 991 Hecatombaion
950 927 967 1022 ἶ

551 1083 586 1116 8.
615 1077 920 1126 Metageitnion.

552 1208 586 1241 9.
617 1203 846 1251 Buphonion
911 1231 919 1239 .
950 1178 970 1273 {

530 1334 584 1366 10.
616 1328 853 1376 Apaturion.
909 1356 917 1364 .
951 1303 968 1399 ἦ

529 1460 585 1492 11.
616 1455 783 1493 Aresion
846 1481 854 1490 .

528 1586 584 1619 12.
614 1579 808 1618 Posideon
844 1607 852 1615 .
