1957 3326
959 325 1240 366 -86-

354 451 626 497 interfecisset,
648 450 768 488 hostis
790 449 980 488 iudicatur
999 449 1132 497 populi
1153 449 1441 487 Atheniensium
1461 453 1499 486 et
1520 452 1704 497 quaestor
1722 447 1845 496 publi-

353 526 420 552 cus
450 513 603 551 iubetur
631 515 664 550 ei
686 512 856 560 quotidie
877 512 924 550 ad
947 513 1085 549 victum
1106 511 1402 559 comparandum
1421 511 1642 550 drachmam
1664 509 1846 560 pendere,

357 576 443 613 dum
475 577 512 613 in
533 577 696 624 patriam
717 575 906 613 rediisset.
946 574 1164 612 Honoribus
1184 576 1302 622 igitur
1322 579 1359 613 et
1379 574 1573 614 beneficiis
1593 574 1846 613 Athenienses

355 643 491 676 ornant
522 639 729 683 hominem;
765 637 866 685 quod
896 638 969 685 ipsi
998 649 1081 674 eum
1119 648 1193 676 non
1228 639 1435 675 restituunt
1470 638 1526 676 vel
1554 638 1684 676 invitis
1712 637 1846 682 Deliis,

355 713 528 748 magnum
564 713 655 739 sane
691 700 844 738 videtur
877 705 1140 747 argumentum
1176 705 1311 738 contra
1345 701 1562 748 opinionem
1598 712 1747 747 eorum,
1782 701 1846 749 qui

355 770 500 811 quanta
527 764 581 801 illi
608 765 645 801 in
666 764 788 801 socios
809 764 866 800 usi
897 764 973 800 sint
1000 762 1157 801 libidine
1177 768 1292 811 atque
1322 763 1516 811 superbia,
1543 774 1619 802 non
1639 763 1733 801 satis
1761 774 1848 811 pos-

356 831 445 864 sunt
473 827 655 874 conqueri
684 830 798 873 atque
827 826 1039 863 lamentari.

459 899 585 948 Supra
613 900 690 937 dixi
712 911 734 938 a
757 900 931 948 Philippo
961 911 1049 947 rege
1079 905 1116 938 et
1135 900 1296 937 concilio
1317 899 1504 948 Delphico
1533 911 1608 938 non
1635 899 1753 938 fuisse
1782 899 1848 937 ab·

354 962 559 1000 iudicatam
599 962 897 1000 Atheniensibus
933 962 1300 1000 administrationem
1345 962 1477 1010 templi
1512 962 1632 1001 Delii:
1673 974 1696 1001 a
1729 963 1849 1010 scrip·

356 1025 504 1063 toribus
534 1025 685 1073 quidem
715 1025 808 1063 nihil
837 1025 884 1063 de
913 1026 984 1063 hac
1011 1037 1052 1062 re
1081 1031 1140 1063 est
1167 1025 1368 1072 traditum,
1403 1025 1470 1063 sed
1498 1030 1652 1065 exstant
1677 1026 1848 1064 rationes

355 1088 542 1136 quaedam
571 1089 879 1136 amphictyonum
914 1089 1115 1126 atticorum
1145 1089 1361 1136 posteriore
1389 1093 1561 1137 tempore
1595 1089 1847 1136 conscriptae.

357 1151 440 1188 Huc
468 1150 593 1189 refero
623 1151 754 1189 titulos
776 1152 851 1190 duo
881 1151 1001 1199 lapidi
1029 1151 1169 1189 incisos
1190 1151 1335 1189 Archia
1359 1151 1555 1196 archonte,
1584 1152 1608 1189 i.
1630 1163 1662 1189 e.
1691 1162 1736 1190 eo
1764 1152 1848 1199 ipso

355 1225 466 1260 anno,
497 1225 571 1262 quo
600 1214 701 1252 illam
732 1214 928 1252 Deliorum
957 1225 1042 1252 cum
1071 1213 1372 1252 Atheniensibus
1400 1215 1684 1253 contentionem
1712 1213 1850 1252 diiudi-

358 1281 481 1314 catam
519 1277 832 1314 verisimillimum
870 1277 1036 1315 videtur:
1079 1289 1213 1323 unum,
1255 1277 1319 1315 ubi
1361 1277 1407 1314 de
1449 1277 1580 1315 litibus
1621 1275 1848 1325 quibusdam

358 1340 495 1386 agitur.
526 1339 688 1377 alterum
712 1341 881 1377 rationes
901 1340 1148 1387 pecuniarum
1171 1339 1385 1377 ordinarias
1413 1336 1762 1384 continentem3112)
1792 1349 1849 1376 se-

357 1408 527 1450 quuntur
555 1403 735 1451 deinceps
765 1403 992 1441 traditiones
1019 1402 1329 1450 amphictyonum
1349 1400 1531 1449 Sosigene
1560 1401 1744 1440 archonte
1773 1399 1848 1445 (Ol.

360 1472 441 1513 109,
463 1472 483 1504 3
504 1479 546 1494 =
568 1470 726 1511 342s41)
748 1478 883 1503 munus
905 1465 1200 1504 obeuntium¹¹³›
1227 1470 1265 1503 et
1284 1463 1534 1515 ἀναθήματος
1552 1465 1687 1503 titulus
1707 1475 1849 1511 eorum,

356 1530 420 1576 qui
455 1530 679 1576 magistratu
720 1528 839 1566 functi
878 1533 965 1566 sunt
1008 1540 1107 1566 anno
1142 1529 1357 1576 insequenti
1393 1527 1614 1566 Nicomachi
1655 1527 1850 1566 archontis

356 1591 431 1635 (Ol.
460 1597 537 1636 109,
566 1597 588 1629 4
609 1606 650 1620 =
671 1591 920 1637 341l40).¹¹⁴)
975 1591 1033 1629 De
1062 1592 1285 1631 rationibus.
1316 1602 1412 1639 quas
1441 1590 1582 1629 eisdem
1610 1590 1747 1628 tribuit
1773 1589 1850 1628 Ho-

356 1655 504 1692 mollius
533 1656 645 1692 unius
672 1656 933 1702 patronymico
957 1653 1224 1703 [A'alnsuridou
1243 1653 1421 1701 confisus,
1436 1653 1500 1701 11·”)
1523 1654 1765 1692 vehementer
1783 1652 1851 1691 du·

358 1717 454 1762 bito,
493 1729 576 1755 cum
612 1719 649 1756 in
685 1717 922 1755 restituendo
960 1718 1071 1756 titulo
1107 1729 1180 1755 non
1217 1718 1336 1755 solum
1372 1728 1528 1756 necesse
1557 1717 1608 1755 sit
1641 1715 1760 1765 (quod
1793 1716 1852 1753 vir

357 1780 601 1818 doctissimus
630 1781 702 1817 iam
733 1781 815 1828 ipse
844 1781 952 1821 vidit.)
982 1782 1019 1818 in
1048 1781 1151 1818 linea
1169 1781 1285 1819 tertia
1305 1781 1499 1828 octoginta
1523 1784 1619 1818 octo.
1648 1780 1688 1818 in
1713 1783 1852 1828 quarta

358 1855 446 1881 vero
475 1844 718 1891 septuaginta
745 1848 824 1881 tres
853 1849 998 1881 tantum
1029 1844 1177 1882 litteras
1212 1848 1400 1889 statuere,
1436 1844 1504 1882 sed
1532 1844 1646 1882 etiam
1674 1841 1848 1886 formula,

357 1918 468 1955 quam
490 1908 526 1943 in
547 1907 654 1944 initio
671 1907 815 1954 posuit:
842 1904 937 1942 Τάδε
953 1901 1137 1955 ἔπραξα[ν
1149 1903 1350 1955 Ἀθηναίων
1368 1902 1631 1955 ἀμφικτύονες
1645 1903 1720 1942 ἀπὸ
1738 1902 1848 1942 Νικο-

358 1969 489 2021 μάχου
518 1967 712 2020 ἄρχοντος
736 1968 855 2020 μέχρι
886 1969 952 2005 τοῦ
981 1968 1106 2011 δεῖνος
1134 1967 1342 2020 ἅρχον]τος
1370 1967 1572 2019 Ἀθὴν[ησιν
1599 1963 1641 2005 ὲν
1669 1965 1777 2018 Δὴλῳ
1806 1965 1852 2004 δὲ

357 2032 430 2068 ἀπὸ
446 2056 495 2061 —
511 2055 558 2060 —
575 2055 624 2061 —
640 2055 687 2060 —
703 2055 751 2061 —
768 2032 946 2084 -μέχμι
974 2033 1043 2069 τοῦ
1072 2032 1196 2074 δεῖνος
1223 2030 1448 2084 ἄρχοντος],
1475 2044 1495 2070 e
1523 2041 1712 2070 marmore
1732 2029 1852 2069 Sand-

359 2097 509 2134 wicensi
532 2096 783 2144 desumptam,
812 2098 848 2134 in
879 2097 1036 2145 reliquis
1058 2108 1132 2134 non
1156 2097 1372 2134 inveniatur
1400 2106 1523 2144 neque
1552 2094 1602 2133 sit
1627 2093 1852 2143 probabilis,

361 2160 539 2206 quoniam
561 2160 867 2207 amphictyonum
890 2171 1036 2206 munus,
1066 2164 1107 2198 ut
1126 2161 1200 2198 iam
1220 2159 1393 2206 vidimus,
1422 2169 1588 2196 annuum
1616 2157 1706 2204 fuit3
1734 2157 1852 2195 nihilo

360 2222 482 2257 minus
512 2233 582 2268 pro
611 2227 715 2260 certo
746 2223 867 2260 habeo
897 2234 961 2260 eas
991 2222 1038 2260 ad
1067 2223 1226 2261 alteram
1265 2222 1407 2260 saeculi
1436 2221 1563 2269 quarti
1591 2224 1739 2269 partem
1768 2231 1852 2258 esse

359 2284 592 2329 reformidas,
623 2296 705 2322 cum
736 2286 807 2323 iam
838 2297 913 2322 non
943 2286 1019 2323 sint
1047 2284 1252 2336 στοιχηδὸν
1280 2288 1473 2323 exaratae.
1515 2283 1701 2323 Ultimum
1728 2283 1851 2320 locum

360 2347 505 2384 obtinet
536 2347 755 2385 traditionis
784 2348 1010 2395 laterculus,
1048 2360 1158 2396 quem
1194 2353 1355 2396 propter
1382 2347 1515 2394 viginti
1543 2346 1595 2384 ibi
1629 2356 1853 2384 commemo-

367 2415 471 2447 ratas
499 2421 659 2447 coronas
687 2412 943 2458 pnetetericas
973 2415 1009 2448 et
1029 2411 1218 2449 Euaeneti
1238 2409 1431 2448 archontis
1460 2414 1502 2448 ut
1520 2409 1730 2458 superioris
1749 2420 1851 2447 men·

360 2474 499 2510 tionem
522 2472 660 2511 factam
682 2477 784 2511 recte
803 2474 971 2512 Koehler
989 2473 1037 2511 ad
1054 2473 1230 2512 Ctesiclis
1246 2484 1383 2511 annum
1400 2471 1476 2514 (Ol.
1496 2477 1579 2519 111,
1594 2476 1617 2510 3
1633 2484 1677 2501 =
1692 2474 1852 2517 334l38)

454 2649 511 2692 ¹¹²)
538 2650 574 2683 C.
592 2649 615 2683 1.
632 2649 673 2683 A.
701 2649 745 2693 11,
771 2651 836 2683 322
862 2653 897 2681 et
923 2647 1014 2682 Bull.
1042 2647 1074 2682 d.
1101 2649 1198 2682 Corr.
1225 2647 1318 2683 nell.
1345 2647 1442 2692 VIII,
1466 2658 1499 2692 p.
1525 2648 1718 2683 293—294.

455 2705 514 2746 ¹¹³)
541 2705 631 2739 Bull.
657 2704 689 2739 d.
715 2705 812 2739 Corr.
839 2704 930 2738 Ilell.
959 2704 1053 2747 VIII,
1079 2715 1112 2748 p.
1138 2707 1214 2739 299.
1373 2705 1436 2746 ¹¹⁴)
1459 2703 1553 2740 Buu.
1577 2703 1611 2739 d.
1636 2703 1734 2740 Corr.
1760 2703 1852 2739 Heu.

363 2762 458 2805 vul,
484 2774 515 2806 p.
543 2766 618 2797 294.
762 2763 821 2804 ¹¹⁶)
847 2761 936 2795 Bull.
963 2761 994 2795 d.
1022 2763 1118 2796 Corr.
1146 2761 1237 2796 Hell.
1264 2760 1360 2806 VIII,
1385 2772 1417 2806 p.
1443 2763 1634 2798 296—298.
