1957 3326
902 270 1182 311 -88-

301 408 397 445 pora
417 401 452 433 et
474 397 646 433 timorem
668 395 802 433 classis
822 394 1095 433 Macedonicae
1117 394 1317 433 admodum
1337 394 1538 443 probabile
1559 397 1635 440 est3
1653 397 1790 442 postea

299 472 388 497 vero
419 458 498 496 fieri
528 459 671 506 potnit,
708 462 749 495 ut
778 457 1001 496 (secundnm
1032 457 1212 495 Homollii
1242 458 1486 503 sententiam)
1514 457 1593 495 ludi
1623 457 1790 496 redinte-

298 527 514 570 grarentur,
537 521 603 559 sed
625 532 789 559 coronae
805 521 1065 569 pentetericae
1086 525 1245 569 propter
1265 521 1488 559 exhaustum
1511 521 1701 559 aerarium
1722 531 1790 568 pu·

301 586 438 623 blicum
469 585 689 623 dicarentur
709 585 854 622 nullae:
883 584 954 622 hoc
978 584 1069 621 mihi
1089 584 1341 633 colligendum
1363 597 1447 623 esse
1467 584 1619 622 videtur
1638 595 1658 622 e
1677 583 1789 622 titulo

300 660 322 686 a
351 647 534 685 militibus
562 648 689 685 atticis
718 648 754 684 in
785 647 964 685 honorem
993 647 1178 684 Demetrii
1200 647 1376 686 Phalerei
1405 646 1524 695 lapidi
1552 647 1686 694 inciso,
1716 657 1791 695 quo

298 711 361 748 ille
400 710 519 748 Deliis
555 722 669 748 curru
706 711 866 748 victoria
899 711 1042 758 potitus
1079 722 1162 747 esse
1199 709 1423 754 dicitur.¹²²)
1466 710 1586 758 Quam
1622 720 1707 748 cum
1743 708 1791 747 ad

300 774 357 812 Ol.
386 779 453 811 113
484 773 618 811 referri
648 773 751 810 nullo
778 772 888 810 modo
916 773 1029 810 liceat
1058 785 1180 820 neque
1209 785 1278 820 per
1300 777 1463 811 aetatem
1483 772 1647 811 hominis
1667 783 1792 820 neque

301 849 370 885 per
398 837 453 874 rei
483 835 681 874 familiaris
710 835 984 880 condicionem,
1014 846 1089 883 qna
1117 840 1196 872 tum
1226 847 1317 872 usus
1347 840 1416 880 est,
1446 846 1544 883 quae
1571 835 1660 873 talis
1689 837 1792 873 certe

301 911 373 937 non
404 900 486 946 suit,
516 904 557 936 ut
586 911 704 947 equos
734 900 858 946 magni
884 900 997 947 pretii
1025 899 1127 937 alere
1158 904 1300 947 posset,
1330 911 1522 938 sumamus
1551 911 1707 938 necesse
1736 902 1795 937 est

300 974 380 1000 eam
416 967 563 1010 partam
599 973 682 999 csse
712 962 770 999 Ol.
804 967 872 999 115
903 962 972 1007 vel,
1007 962 1109 1009 quod
1138 962 1380 1000 verisimilius
1409 962 1571 1008 videtur,
1603 967 1687 1008 116,
1716 972 1791 1010 quo
1833 1000 1835 1003 .

302 1031 473 1073 tempore
503 1026 574 1063 iam
605 1022 831 1074 ἐπιμελητὴς
859 1028 943 1062 erat
962 1025 1126 1062 civitatis
1147 1035 1170 1062 a
1190 1023 1407 1062 Cassandro
1433 1025 1645 1063 institutus.
1688 1024 1794 1072 Quae

303 1090 332 1127 si
366 1093 468 1127 reete
498 1088 695 1136 disputata
723 1092 823 1133 suut,
852 1088 926 1125 iam
947 1088 1150 1124 terminum
1171 1087 1354 1126 habemus
1374 1089 1625 1136 posteriorem
1653 1087 1719 1126 illo
1747 1086 1795 1125 ab

301 1152 492 1190 Homollio
521 1152 742 1189 constituto.
797 1150 895 1197 Quid
925 1150 1027 1198 quod
1056 1151 1138 1198 ipse
1167 1150 1396 1189 documenta
1423 1152 1500 1190 tria
1527 1151 1668 1198 attulit,
1697 1161 1796 1199 quae

301 1215 469 1263 opinioni
507 1215 588 1252 eius
623 1213 820 1252 adversari
857 1213 1062 1251 videntur?
1100 1213 1270 1251 Primum
1300 1219 1358 1252 est
1385 1214 1498 1261 illud,
1534 1214 1581 1253 de
1617 1214 1796 1262 quoiam

302 1290 419 1326 supra
453 1277 551 1322 dixi,
588 1277 653 1315 ubi
689 1281 814 1315 exstat
842 1277 1173 1315 Hieromnemonis
1202 1277 1408 1316 Tisimachi
1443 1277 1467 1315 f.
1497 1276 1694 1317 Coelensis
1731 1288 1797 1315 no-

301 1340 473 1387 men,¹²³)
510 1352 619 1389 quem
657 1340 861 1389 proedrum
899 1341 1078 1388 opinatur
1113 1339 1230 1378 fuisse
1264 1340 1405 1378 Eut-hio
1434 1340 1630 1379 archonte.
1687 1339 1797 1388 Quod

303 1409 428 1442 autem
458 1404 554 1442 dixit
587 1404 719 1451 viginti
755 1414 939 1442 annorum
978 1404 1142 1451 spatium
1173 1414 1247 1440 non
1277 1415 1361 1441 esse
1389 1403 1558 1451 longius,
1586 1414 1699 1452 quam
1728 1415 1799 1452 per

304 1467 404 1516 quod
434 1468 546 1505 homo
573 1468 610 1504 in
631 1467 747 1505 rebus
767 1467 929 1515 publicis
959 1471 1133 1504 versatus
1163 1478 1246 1504 esse
1275 1471 1417 1514 posset,
1447 1467 1641 1513 memoria,
1669 1465 1798 1514 credo,

303 1533 361 1568 vir
389 1531 630 1568 doctissimus
660 1530 791 1578 lapsus
821 1534 880 1567 est
907 1551 955 1557 —
984 1530 1141 1577 triginta
1171 1531 1268 1568 enim
1291 1531 1380 1567 anni
1408 1529 1468 1568 vel
1496 1529 1659 1578 amplius
1689 1534 1800 1568 erant

301 1593 493 1633 stat-uendi
524 1594 640 1635 (inter
669 1598 741 1630 315
773 1597 810 1630 et
839 1597 940 1633 284).
999 1592 1073 1630 Sed
1103 1592 1175 1630 hoc
1204 1593 1361 1630 minoris
1398 1592 1524 1640 pendo
1561 1591 1611 1630 ob
1640 1603 1800 1641 eamque

304 1667 459 1695 causam
488 1657 638 1693 titulum
669 1657 742 1693 iam
773 1660 886 1693 antea
915 1656 1226 1702 commemoravi,
1262 1667 1345 1693 cum
1381 1655 1547 1693 dicerem
1576 1655 1800 1694 Hieromne·

304 1731 450 1758 monem
482 1719 582 1756 hunc
611 1718 774 1757 fortasse
805 1719 965 1756 alterius
995 1730 1103 1756 avum
1134 1718 1271 1765 fuisse3
1306 1723 1510 1766 praeterea
1538 1717 1632 1756 nihil
1660 1719 1800 1766 obstat,

303 1784 503 1832 quominus
539 1794 608 1829 per
644 1782 889 1829 septuaginta
923 1781 1086 1829 amplius
1124 1793 1244 1820 annos
1281 1793 1364 1819 eum
1402 1783 1542 1820 vixisse
1585 1781 1798 1820 credamus.

305 1848 395 1884 Item
427 1845 473 1883 dc
502 1845 710 1891 Bodtnilca,
741 1846 914 1893 principe
944 1845 1145 1892 legationis
1174 1844 1512 1892 Carthaginiensis.
1546 1845 1729 1883 auxilium
1759 1849 1799 1883 et

305 1909 595 1948 Atheniensium
626 1913 663 1945 et
689 1908 899 1946 Ptolemaei
928 1911 1063 1946 contra
1083 1908 1333 1955 Agathoclem
1363 1916 1479 1950 (anno
1507 1907 1587 1946 fere
1616 1911 1707 1955 308)
1735 1909 1803 1946 im-

303 1972 503 2021 plorantis,
539 1972 646 2009 cuius
676 1982 812 2009 nomen
840 1982 925 2008 cum
963 1971 1001 2008 in
1030 1971 1186 2009 decreto
1215 1970 1420 2018 atticam)
1455 1975 1534 2009 tum
1565 1971 1603 2009 in
1630 1972 1802 2010 inventa-

304 2036 371 2073 riis
401 2035 558 2072 deliacis
571 2033 633 2077 ¹²⁵)
670 2035 854 2082 scriptum
890 2034 1048 2081 legitur,
1078 2034 1268 2072 Homollio
1297 2046 1457 2082 prorsus
1485 2033 1701 2081 adsentior,
1729 2034 1802 2073 hac

397 2166 455 2210 ¹²²)
480 2165 693 2209 Rhangabe,
724 2167 844 2210 Antiq.
873 2166 1011 2201 Hellen.
1043 2168 1136 2201 1079.
1187 2165 1377 2200 Contendit
1402 2165 1546 2210 quidem
1571 2165 1729 2201 Koehler
1752 2165 1806 2200 vir

308 2224 433 2258 harum
460 2235 577 2258 rerum
604 2224 842 2268 peritissimus
861 2224 1039 2269 pertinere
1058 2224 1122 2258 hos
1142 2223 1243 2258 ludos
1263 2223 1307 2257 ad
1326 2223 1454 2258 Delion
1473 2222 1644 2268 oppidum
1660 2222 1697 2257 in
1714 2222 1805 2257 Boe-

305 2282 377 2315 otia
403 2281 524 2317 situm:
552 2279 612 2314 sed
639 2279 681 2314 de
700 2280 792 2314 ludis
822 2280 867 2314 ibi
895 2280 985 2314 actis
1011 2280 1111 2324 nihil,
1137 2285 1307 2324 quantum
1328 2279 1412 2322 scio,
1439 2285 1493 2314 est
1517 2279 1709 2314 memoriae
1734 2284 1805 2313 tra-

305 2339 436 2373 ditum:
465 2338 498 2371 in
526 2348 691 2381 errorem,
717 2337 834 2377 credo,
863 2337 1028 2372 inductus
1055 2344 1108 2371 est
1130 2337 1182 2371 vir
1199 2337 1425 2372 doctissimus
1444 2337 1700 2372 Hermaeorum
1719 2347 1804 2381 quo-

305 2396 453 2430 rundam
482 2395 657 2429 mentione
685 2395 718 2429 in
747 2396 869 2429 eodem
896 2395 999 2429 titulo
1026 2394 1131 2438 facta,
1157 2404 1248 2437 quae
1267 2394 1500 2429 celeberrima
1516 2394 1579 2430 illa
1595 2393 1807 2439 Tanagraea

306 2466 383 2489 esse
410 2454 475 2489 sibi
506 2454 699 2497 1›ers11asit;
727 2460 763 2488 at
790 2454 974 2488 sollemnia
999 2453 1104 2487 huius
1123 2453 1274 2487 nominis
1299 2452 1406 2488 etiam
1425 2452 1505 2487 Deli
1521 2451 1703 2488 celebrata
1728 2462 1805 2487 esse

306 2522 419 2556 nuper
445 2522 463 2545 e
490 2511 593 2545 titulo
619 2510 735 2545 adhuc
763 2511 895 2545 inedito
928 2511 1049 2545 docuit
1074 2510 1280 2553 Fougueres
1312 2509 1416 2554 (Bull.
1443 2509 1475 2544 d.
1502 2510 1599 2544 Corr.
1625 2508 1718 2544 Heu.
1746 2507 1806 2553 XI,

307 2582 339 2614 p.
371 2574 462 2614 121),
495 2569 522 2603 si
549 2574 667 2603 autem
694 2569 759 2602 hoc
787 2569 903 2603 minus
930 2569 1063 2613 placet,
1095 2567 1267 2601 habemus
1292 2567 1470 2602 Hermaea
1494 2566 1600 2602 etiam
1627 2565 1806 2602 Salamine

307 2633 388 2663 acta
413 2627 465 2669 (C.
482 2627 507 2661 1.
524 2629 564 2661 Α.
592 2627 642 2670 ll,
669 2630 754 2670 594,
781 2627 800 2661 l.
827 2630 874 2670 7),
901 2634 939 2661 ut
970 2627 1064 2660 intra
1090 2625 1362 2660 Atheniensium
1395 2624 1581 2670 imperium
1612 2623 1807 2660 subsistere

307 2683 422 2718 liceat.
563 2682 625 2724 ¹²³)
650 2683 720 2718 Csr.
748 2688 817 2718 not.
850 2687 921 2717 116.
1065 2682 1122 2726 ¹²⁴)
1149 2682 1185 2716 C.
1204 2682 1230 2716 1.
1251 2682 1293 2716 A.
1321 2681 1366 2726 11,
1383 2684 1460 2718 235.
1601 2681 1660 2728 ¹²⁶)
1686 2681 1808 2717 Etiam

308 2741 343 2775 in
371 2740 511 2775 Demar.
538 2739 634 2775 arch.
661 2740 746 2775 inv.:
780 2739 839 2774 lin.
871 2743 919 2774 10.
