<?xml version="1.0" encoding="UTF-8"?>
<!DOCTYPE html PUBLIC "-//W3C//DTD XHTML 1.0 Transitional//EN"
    "http://www.w3.org/TR/xhtml1/DTD/xhtml1-transitional.dtd">
<html xmlns="http://www.w3.org/1999/xhtml" xml:lang="en" lang="en">
 <head>
  <title>
</title>
<meta http-equiv="Content-Type" content="text/html;charset=utf-8" />
  <meta name='ocr-system' content='tesseract 3.04.00' />
  <meta name='ocr-capabilities' content='ocr_page ocr_carea ocr_par ocr_line ocrx_word'/>
</head>
<body>
  <div class='ocr_page' id='page_1' title='image "./dedeliinsulaereb00scho_0067.png"; bbox 0 0 1979 3326; ppageno 0'>
   <div class='ocr_carea' id='block_1_1' title="bbox 788 257 1071 298">
    <p class='ocr_par' dir='ltr' id='par_1_1' title="bbox 788 257 1071 298">
     <span class='ocr_line' id='line_1_1' title="bbox 788 257 1071 298; baseline -0.004 -11"><span class='ocrx_word' id='word_1_1' title='bbox 788 257 1071 298; x_wconf 80' lang='lat'>..55-</span> 
     </span>
    </p>
   </div>
   <div class='ocr_carea' id='block_1_2' title="bbox 165 380 1694 1691">
    <p class='ocr_par' dir='ltr' id='par_1_2' title="bbox 165 380 1694 1691">
     <span class='ocr_line' id='line_1_2' title="bbox 175 380 1694 430; baseline -0.003 -7"><span class='ocrx_word' id='word_1_2' title='bbox 175 398 220 415; x_wconf 93' lang='lat'><strong><em>=</em></strong></span> <span class='ocrx_word' id='word_1_3' title='bbox 255 384 434 423; x_wconf 76' lang='lat'><strong>377—73</strong></span> <span class='ocrx_word' id='word_1_4' title='bbox 462 394 496 422; x_wconf 90' lang='lat' dir='ltr'>a.</span> <span class='ocrx_word' id='word_1_5' title='bbox 527 381 616 421; x_wconf 90' lang='lat' dir='ltr'>Chr.</span> <span class='ocrx_word' id='word_1_6' title='bbox 646 385 700 429; x_wconf 90' lang='lat' dir='ltr'>n.)</span> <span class='ocrx_word' id='word_1_7' title='bbox 729 381 928 430; x_wconf 88' lang='lat' dir='ltr'>gestas.¹⁵)</span> <span class='ocrx_word' id='word_1_8' title='bbox 982 381 1111 429; x_wconf 83' lang='lat' dir='ltr'><strong>Atque</strong></span> <span class='ocrx_word' id='word_1_9' title='bbox 1141 380 1450 429; x_wconf 81' lang='lat' dir='ltr'>amphictyonum</span> <span class='ocrx_word' id='word_1_10' title='bbox 1480 382 1634 419; x_wconf 86' lang='lat' dir='ltr'>nomina</span> <span class='ocrx_word' id='word_1_11' title='bbox 1662 382 1694 419; x_wconf 87' lang='lat' dir='ltr'>si</span> 
     </span>
     <span class='ocr_line' id='line_1_3' title="bbox 174 444 1689 496; baseline -0.003 -10"><span class='ocrx_word' id='word_1_12' title='bbox 174 451 465 496; x_wconf 85' lang='lat' dir='ltr'>perscrutamur</span> <span class='ocrx_word' id='word_1_13' title='bbox 481 445 631 484; x_wconf 90' lang='lat' dir='ltr'>duobus</span> <span class='ocrx_word' id='word_1_14' title='bbox 647 447 742 484; x_wconf 91' lang='lat' dir='ltr'>locis</span> <span class='ocrx_word' id='word_1_15' title='bbox 758 446 988 494; x_wconf 87' lang='lat' dir='ltr'>perscripta,</span> <span class='ocrx_word' id='word_1_16' title='bbox 1008 444 1180 483; x_wconf 92' lang='lat' dir='ltr'>videmus</span> <span class='ocrx_word' id='word_1_17' title='bbox 1201 444 1327 482; x_wconf 88' lang='lat' dir='ltr'>tribus</span> <span class='ocrx_word' id='word_1_18' title='bbox 1346 445 1544 492; x_wconf 84' lang='lat' dir='ltr'>prioribus</span> <span class='ocrx_word' id='word_1_19' title='bbox 1565 447 1689 492; x_wconf 88' lang='lat' dir='ltr'>annis,</span> 
     </span>
     <span class='ocr_line' id='line_1_4' title="bbox 175 507 1689 558; baseline -0.002 -10"><span class='ocrx_word' id='word_1_20' title='bbox 175 510 318 558; x_wconf 90' lang='lat' dir='ltr'>quibus</span> <span class='ocrx_word' id='word_1_21' title='bbox 347 509 520 556; x_wconf 85' lang='lat' dir='ltr'>Galleas,</span> <span class='ocrx_word' id='word_1_22' title='bbox 549 507 831 555; x_wconf 86' lang='lat' dir='ltr'>Charisander,</span> <span class='ocrx_word' id='word_1_23' title='bbox 860 507 1125 556; x_wconf 88' lang='lat' dir='ltr'>Hippodamas</span> <span class='ocrx_word' id='word_1_24' title='bbox 1153 507 1339 554; x_wconf 83' lang='lat' dir='ltr'>Athenis,</span> <span class='ocrx_word' id='word_1_25' title='bbox 1367 508 1582 556; x_wconf 83' lang='lat' dir='ltr'>Epigenes,</span> <span class='ocrx_word' id='word_1_26' title='bbox 1613 508 1689 546; x_wconf 89' lang='lat' dir='ltr'>Ga-</span> 
     </span>
     <span class='ocr_line' id='line_1_5' title="bbox 174 570 1691 620; baseline -0.001 -9"><span class='ocrx_word' id='word_1_27' title='bbox 174 571 356 620; x_wconf 79' lang='lat' dir='ltr'>laeus,¹⁶)</span> <span class='ocrx_word' id='word_1_28' title='bbox 385 572 551 620; x_wconf 90' lang='lat' dir='ltr'>Hippias</span> <span class='ocrx_word' id='word_1_29' title='bbox 579 571 668 609; x_wconf 91' lang='lat' dir='ltr'>Deli</span> <span class='ocrx_word' id='word_1_30' title='bbox 697 571 902 610; x_wconf 88' lang='lat' dir='ltr'>archontes</span> <span class='ocrx_word' id='word_1_31' title='bbox 937 570 1104 618; x_wconf 84' lang='lat' dir='ltr'>fuerunt,</span> <span class='ocrx_word' id='word_1_32' title='bbox 1140 571 1343 619; x_wconf 86' lang='lat' dir='ltr'>collegium</span> <span class='ocrx_word' id='word_1_33' title='bbox 1378 575 1562 619; x_wconf 89' lang='lat' dir='ltr'>quattuor</span> <span class='ocrx_word' id='word_1_34' title='bbox 1590 572 1691 610; x_wconf 86' lang='lat' dir='ltr'>viro-</span> 
     </span>
     <span class='ocr_line' id='line_1_6' title="bbox 172 633 1686 682; baseline -0.003 -8"><span class='ocrx_word' id='word_1_35' title='bbox 172 647 258 674; x_wconf 87' lang='lat' dir='ltr'>rum</span> <span class='ocrx_word' id='word_1_36' title='bbox 293 646 450 673; x_wconf 90' lang='lat' dir='ltr'>munere</span> <span class='ocrx_word' id='word_1_37' title='bbox 488 646 572 673; x_wconf 90' lang='lat' dir='ltr'>esse</span> <span class='ocrx_word' id='word_1_38' title='bbox 607 633 796 680; x_wconf 77' lang='lat' dir='ltr'>functum,</span> <span class='ocrx_word' id='word_1_39' title='bbox 835 645 996 682; x_wconf 91' lang='lat' dir='ltr'>quorum</span> <span class='ocrx_word' id='word_1_40' title='bbox 1034 638 1133 680; x_wconf 91' lang='lat' dir='ltr'>tres,</span> <span class='ocrx_word' id='word_1_41' title='bbox 1167 633 1381 681; x_wconf 89' lang='lat' dir='ltr'>Epigenem</span> <span class='ocrx_word' id='word_1_42' title='bbox 1415 634 1634 681; x_wconf 87' lang='lat' dir='ltr'>Metagenis</span> <span class='ocrx_word' id='word_1_43' title='bbox 1662 633 1686 672; x_wconf 82' lang='lat' dir='ltr'>f.</span> 
     </span>
     <span class='ocr_line' id='line_1_7' title="bbox 173 695 1684 745; baseline -0.002 -8"><span class='ocrx_word' id='word_1_44' title='bbox 173 697 415 745; x_wconf 87' lang='lat' dir='ltr'>Goelensem‚</span> <span class='ocrx_word' id='word_1_45' title='bbox 443 697 714 735; x_wconf 83' lang='lat' dir='ltr'>Antimachum</span> <span class='ocrx_word' id='word_1_46' title='bbox 733 696 969 745; x_wconf 85' lang='lat' dir='ltr'>Euthynomi</span> <span class='ocrx_word' id='word_1_47' title='bbox 990 695 1013 733; x_wconf 89' lang='lat' dir='ltr'>f.</span> <span class='ocrx_word' id='word_1_48' title='bbox 1036 695 1338 743; x_wconf 89' lang='lat' dir='ltr'>Marathonium‚</span> <span class='ocrx_word' id='word_1_49' title='bbox 1357 696 1582 745; x_wconf 87' lang='lat' dir='ltr'>Epicratem</span> <span class='ocrx_word' id='word_1_50' title='bbox 1603 697 1684 734; x_wconf 90' lang='lat' dir='ltr'>Me-</span> 
     </span>
     <span class='ocr_line' id='line_1_8' title="bbox 172 759 1689 807; baseline 0 -9"><span class='ocrx_word' id='word_1_51' title='bbox 172 761 338 800; x_wconf 86' lang='lat' dir='ltr'>nestrati</span> <span class='ocrx_word' id='word_1_52' title='bbox 374 760 399 798; x_wconf 90' lang='lat' dir='ltr'>f.</span> <span class='ocrx_word' id='word_1_53' title='bbox 440 760 665 799; x_wconf 89' lang='lat' dir='ltr'>Palleneum</span> <span class='ocrx_word' id='word_1_54' title='bbox 700 771 777 798; x_wconf 90' lang='lat' dir='ltr'>non</span> <span class='ocrx_word' id='word_1_55' title='bbox 820 760 943 798; x_wconf 84' lang='lat' dir='ltr'>solum</span> <span class='ocrx_word' id='word_1_56' title='bbox 978 770 1048 807; x_wconf 90' lang='lat' dir='ltr'>per</span> <span class='ocrx_word' id='word_1_57' title='bbox 1083 762 1204 797; x_wconf 88' lang='lat' dir='ltr'>totum</span> <span class='ocrx_word' id='word_1_58' title='bbox 1241 759 1314 797; x_wconf 92' lang='lat' dir='ltr'>hoc</span> <span class='ocrx_word' id='word_1_59' title='bbox 1347 760 1575 807; x_wconf 87' lang='lat' dir='ltr'>triennium,</span> <span class='ocrx_word' id='word_1_60' title='bbox 1619 760 1689 798; x_wconf 89' lang='lat' dir='ltr'>sed</span> 
     </span>
     <span class='ocr_line' id='line_1_9' title="bbox 173 821 1688 871; baseline -0.001 -9"><span class='ocrx_word' id='word_1_61' title='bbox 173 823 290 862; x_wconf 86' lang='lat' dir='ltr'>etiam</span> <span class='ocrx_word' id='word_1_62' title='bbox 318 823 539 871; x_wconf 86' lang='lat' dir='ltr'>insequenti</span> <span class='ocrx_word' id='word_1_63' title='bbox 567 833 667 860; x_wconf 91' lang='lat' dir='ltr'>anno</span> <span class='ocrx_word' id='word_1_64' title='bbox 695 833 833 860; x_wconf 89' lang='lat' dir='ltr'>munus</span> <span class='ocrx_word' id='word_1_65' title='bbox 863 821 1004 860; x_wconf 87' lang='lat' dir='ltr'>obiisse</span> <span class='ocrx_word' id='word_1_66' title='bbox 1026 825 1202 870; x_wconf 89' lang='lat' dir='ltr'>apparet,</span> <span class='ocrx_word' id='word_1_67' title='bbox 1232 826 1395 869; x_wconf 90' lang='lat' dir='ltr'>quartus</span> <span class='ocrx_word' id='word_1_68' title='bbox 1423 833 1515 861; x_wconf 88' lang='lat' dir='ltr'>vero</span> <span class='ocrx_word' id='word_1_69' title='bbox 1544 822 1688 861; x_wconf 90' lang='lat' dir='ltr'>Idiotes</span> 
     </span>
     <span class='ocr_line' id='line_1_10' title="bbox 175 884 1687 934; baseline 0.001 -10"><span class='ocrx_word' id='word_1_70' title='bbox 175 886 392 934; x_wconf 88' lang='lat' dir='ltr'>Theogenis</span> <span class='ocrx_word' id='word_1_71' title='bbox 429 884 454 923; x_wconf 86' lang='lat' dir='ltr'>f.</span> <span class='ocrx_word' id='word_1_72' title='bbox 483 885 745 924; x_wconf 85' lang='lat' dir='ltr'>Acharnensis</span> <span class='ocrx_word' id='word_1_73' title='bbox 773 888 862 933; x_wconf 90' lang='lat' dir='ltr'>post</span> <span class='ocrx_word' id='word_1_74' title='bbox 889 896 1005 922; x_wconf 92' lang='lat' dir='ltr'>unum</span> <span class='ocrx_word' id='word_1_75' title='bbox 1034 885 1110 923; x_wconf 91' lang='lat' dir='ltr'>iam</span> <span class='ocrx_word' id='word_1_76' title='bbox 1139 896 1281 923; x_wconf 90' lang='lat' dir='ltr'>annum</span> <span class='ocrx_word' id='word_1_77' title='bbox 1316 886 1544 933; x_wconf 86' lang='lat' dir='ltr'>magistratu</span> <span class='ocrx_word' id='word_1_78' title='bbox 1579 886 1687 933; x_wconf 90' lang='lat' dir='ltr'>abiit,</span> 
     </span>
     <span class='ocr_line' id='line_1_11' title="bbox 173 947 1687 998; baseline 0.001 -12"><span class='ocrx_word' id='word_1_79' title='bbox 173 949 317 997; x_wconf 91' lang='lat' dir='ltr'>quique</span> <span class='ocrx_word' id='word_1_80' title='bbox 344 949 384 986; x_wconf 90' lang='lat' dir='ltr'>in</span> <span class='ocrx_word' id='word_1_81' title='bbox 417 949 499 986; x_wconf 87' lang='lat' dir='ltr'>eius</span> <span class='ocrx_word' id='word_1_82' title='bbox 533 949 659 986; x_wconf 89' lang='lat' dir='ltr'>locum</span> <span class='ocrx_word' id='word_1_83' title='bbox 695 948 928 986; x_wconf 90' lang='lat' dir='ltr'>substitutus</span> <span class='ocrx_word' id='word_1_84' title='bbox 963 951 1022 986; x_wconf 91' lang='lat' dir='ltr'>est</span> <span class='ocrx_word' id='word_1_85' title='bbox 1051 947 1255 996; x_wconf 83' lang='lat' dir='ltr'>Sosigenes</span> <span class='ocrx_word' id='word_1_86' title='bbox 1286 948 1473 987; x_wconf 90' lang='lat' dir='ltr'>Sosiadae</span> <span class='ocrx_word' id='word_1_87' title='bbox 1502 949 1526 986; x_wconf 90' lang='lat' dir='ltr'>f.</span> <span class='ocrx_word' id='word_1_88' title='bbox 1555 949 1687 998; x_wconf 69' lang='lat' dir='ltr'>Xype-</span> 
     </span>
     <span class='ocr_line' id='line_1_12' title="bbox 170 1010 1685 1060; baseline 0.001 -12"><span class='ocrx_word' id='word_1_89' title='bbox 170 1012 344 1049; x_wconf 86' lang='lat' dir='ltr'>taeensis</span> <span class='ocrx_word' id='word_1_90' title='bbox 373 1022 450 1049; x_wconf 92' lang='lat' dir='ltr'>non</span> <span class='ocrx_word' id='word_1_91' title='bbox 476 1011 597 1050; x_wconf 92' lang='lat' dir='ltr'>multo</span> <span class='ocrx_word' id='word_1_92' title='bbox 625 1012 776 1059; x_wconf 86' lang='lat' dir='ltr'>longius</span> <span class='ocrx_word' id='word_1_93' title='bbox 804 1023 963 1049; x_wconf 89' lang='lat' dir='ltr'>munere</span> <span class='ocrx_word' id='word_1_94' title='bbox 992 1010 1145 1050; x_wconf 90' lang='lat' dir='ltr'>functus</span> <span class='ocrx_word' id='word_1_95' title='bbox 1175 1012 1266 1050; x_wconf 89' lang='lat' dir='ltr'>item</span> <span class='ocrx_word' id='word_1_96' title='bbox 1294 1012 1498 1059; x_wconf 86' lang='lat' dir='ltr'>collegium</span> <span class='ocrx_word' id='word_1_97' title='bbox 1525 1012 1685 1060; x_wconf 90' lang='lat' dir='ltr'>reliquit</span> 
     </span>
     <span class='ocr_line' id='line_1_13' title="bbox 172 1073 1683 1122; baseline 0.001 -10"><span class='ocrx_word' id='word_1_98' title='bbox 172 1074 279 1112; x_wconf 91' lang='lat' dir='ltr'>nullo</span> <span class='ocrx_word' id='word_1_99' title='bbox 299 1074 376 1112; x_wconf 91' lang='lat' dir='ltr'>alio</span> <span class='ocrx_word' id='word_1_100' title='bbox 397 1073 627 1118; x_wconf 80' lang='lat' dir='ltr'>suffecto-1⁷)</span> <span class='ocrx_word' id='word_1_101' title='bbox 657 1075 881 1122; x_wconf 89' lang='lat' dir='ltr'>Insequenti</span> <span class='ocrx_word' id='word_1_102' title='bbox 902 1086 991 1113; x_wconf 91' lang='lat' dir='ltr'>vero</span> <span class='ocrx_word' id='word_1_103' title='bbox 1012 1086 1125 1122; x_wconf 91' lang='lat' dir='ltr'>anno,</span> <span class='ocrx_word' id='word_1_104' title='bbox 1155 1086 1241 1112; x_wconf 93' lang='lat' dir='ltr'>cum</span> <span class='ocrx_word' id='word_1_105' title='bbox 1262 1074 1485 1113; x_wconf 89' lang='lat' dir='ltr'>Socratides</span> <span class='ocrx_word' id='word_1_106' title='bbox 1505 1075 1683 1122; x_wconf 89' lang='lat' dir='ltr'>Athenis,</span> 
     </span>
     <span class='ocr_line' id='line_1_14' title="bbox 170 1136 1682 1186; baseline 0.001 -12"><span class='ocrx_word' id='word_1_107' title='bbox 170 1136 410 1185; x_wconf 85' lang='lat' dir='ltr'>Pyrraethus</span> <span class='ocrx_word' id='word_1_108' title='bbox 436 1137 526 1175; x_wconf 91' lang='lat' dir='ltr'>Deli</span> <span class='ocrx_word' id='word_1_109' title='bbox 554 1137 700 1176; x_wconf 90' lang='lat' dir='ltr'>archon</span> <span class='ocrx_word' id='word_1_110' title='bbox 728 1142 843 1184; x_wconf 86' lang='lat' dir='ltr'>esset,</span> <span class='ocrx_word' id='word_1_111' title='bbox 872 1138 934 1176; x_wconf 90' lang='lat' dir='ltr'>vel</span> <span class='ocrx_word' id='word_1_112' title='bbox 960 1138 1091 1186; x_wconf 88' lang='lat' dir='ltr'>potius</span> <span class='ocrx_word' id='word_1_113' title='bbox 1119 1139 1193 1177; x_wconf 91' lang='lat' dir='ltr'>iam</span> <span class='ocrx_word' id='word_1_114' title='bbox 1220 1137 1310 1176; x_wconf 88' lang='lat' dir='ltr'>inde</span> <span class='ocrx_word' id='word_1_115' title='bbox 1339 1149 1362 1176; x_wconf 89' lang='lat' dir='ltr'>a</span> <span class='ocrx_word' id='word_1_116' title='bbox 1383 1138 1682 1186; x_wconf 89' lang='lat' dir='ltr'>Scirophorione</span> 
     </span>
     <span class='ocr_line' id='line_1_15' title="bbox 169 1199 1683 1249; baseline 0.001 -12"><span class='ocrx_word' id='word_1_117' title='bbox 169 1210 300 1238; x_wconf 90' lang='lat' dir='ltr'>mense</span> <span class='ocrx_word' id='word_1_118' title='bbox 328 1201 420 1239; x_wconf 84' lang='lat' dir='ltr'>anni</span> <span class='ocrx_word' id='word_1_119' title='bbox 455 1199 789 1247; x_wconf 79' lang='lat' dir='ltr'>antecedentis,1⁸)</span> <span class='ocrx_word' id='word_1_120' title='bbox 826 1200 1029 1248; x_wconf 90' lang='lat' dir='ltr'>collegium</span> <span class='ocrx_word' id='word_1_121' title='bbox 1057 1201 1107 1239; x_wconf 93' lang='lat' dir='ltr'>ad</span> <span class='ocrx_word' id='word_1_122' title='bbox 1142 1201 1311 1249; x_wconf 89' lang='lat' dir='ltr'>quinque</span> <span class='ocrx_word' id='word_1_123' title='bbox 1347 1202 1514 1239; x_wconf 87' lang='lat' dir='ltr'>virorum</span> <span class='ocrx_word' id='word_1_124' title='bbox 1552 1213 1683 1239; x_wconf 90' lang='lat' dir='ltr'>nume·</span> 
     </span>
     <span class='ocr_line' id='line_1_16' title="bbox 168 1262 1683 1311; baseline 0.001 -10"><span class='ocrx_word' id='word_1_125' title='bbox 168 1274 256 1301; x_wconf 89' lang='lat' dir='ltr'>rum</span> <span class='ocrx_word' id='word_1_126' title='bbox 281 1263 339 1302; x_wconf 91' lang='lat' dir='ltr'>ita</span> <span class='ocrx_word' id='word_1_127' title='bbox 365 1266 520 1302; x_wconf 92' lang='lat' dir='ltr'>auctum</span> <span class='ocrx_word' id='word_1_128' title='bbox 547 1273 633 1301; x_wconf 91' lang='lat' dir='ltr'>esse</span> <span class='ocrx_word' id='word_1_129' title='bbox 652 1262 837 1310; x_wconf 90' lang='lat' dir='ltr'>videmus,</span> <span class='ocrx_word' id='word_1_130' title='bbox 866 1267 909 1301; x_wconf 91' lang='lat' dir='ltr'>ut</span> <span class='ocrx_word' id='word_1_131' title='bbox 937 1262 986 1302; x_wconf 90' lang='lat' dir='ltr'>ad</span> <span class='ocrx_word' id='word_1_132' title='bbox 1014 1267 1094 1301; x_wconf 92' lang='lat' dir='ltr'>tres</span> <span class='ocrx_word' id='word_1_133' title='bbox 1122 1263 1222 1310; x_wconf 87' lang='lat' dir='ltr'>illos,</span> <span class='ocrx_word' id='word_1_134' title='bbox 1253 1264 1319 1311; x_wconf 91' lang='lat' dir='ltr'>qui</span> <span class='ocrx_word' id='word_1_135' title='bbox 1346 1265 1422 1302; x_wconf 91' lang='lat' dir='ltr'>iam</span> <span class='ocrx_word' id='word_1_136' title='bbox 1450 1264 1562 1302; x_wconf 89' lang='lat' dir='ltr'>nobis</span> <span class='ocrx_word' id='word_1_137' title='bbox 1593 1270 1683 1303; x_wconf 91' lang='lat' dir='ltr'>sunt</span> 
     </span>
     <span class='ocr_line' id='line_1_17' title="bbox 169 1326 1682 1374; baseline 0.002 -11"><span class='ocrx_word' id='word_1_138' title='bbox 169 1326 263 1373; x_wconf 92' lang='lat' dir='ltr'>noti,</span> <span class='ocrx_word' id='word_1_139' title='bbox 292 1326 518 1374; x_wconf 89' lang='lat' dir='ltr'>Epigenem,</span> <span class='ocrx_word' id='word_1_140' title='bbox 546 1326 832 1372; x_wconf 87' lang='lat' dir='ltr'>Antimachum,</span> <span class='ocrx_word' id='word_1_141' title='bbox 868 1326 1103 1374; x_wconf 89' lang='lat' dir='ltr'>Epicratem,</span> <span class='ocrx_word' id='word_1_142' title='bbox 1140 1326 1216 1364; x_wconf 92' lang='lat' dir='ltr'>duo</span> <span class='ocrx_word' id='word_1_143' title='bbox 1252 1326 1538 1374; x_wconf 88' lang='lat' dir='ltr'>adlegerentur,</span> <span class='ocrx_word' id='word_1_144' title='bbox 1566 1328 1682 1366; x_wconf 81' lang='lat' dir='ltr'>Nico·</span> 
     </span>
     <span class='ocr_line' id='line_1_18' title="bbox 169 1388 1681 1437; baseline 0.002 -11"><span class='ocrx_word' id='word_1_145' title='bbox 169 1400 299 1427; x_wconf 89' lang='lat' dir='ltr'>menes</span> <span class='ocrx_word' id='word_1_146' title='bbox 339 1389 523 1428; x_wconf 88' lang='lat' dir='ltr'>Hieronis</span> <span class='ocrx_word' id='word_1_147' title='bbox 560 1388 585 1426; x_wconf 88' lang='lat' dir='ltr'>f.</span> <span class='ocrx_word' id='word_1_148' title='bbox 620 1389 848 1427; x_wconf 88' lang='lat' dir='ltr'>Halaeensis</span> <span class='ocrx_word' id='word_1_149' title='bbox 892 1394 931 1427; x_wconf 92' lang='lat' dir='ltr'>et</span> <span class='ocrx_word' id='word_1_150' title='bbox 965 1388 1126 1427; x_wconf 89' lang='lat' dir='ltr'>Oeensis</span> <span class='ocrx_word' id='word_1_151' title='bbox 1169 1389 1344 1437; x_wconf 90' lang='lat' dir='ltr'>quidam,</span> <span class='ocrx_word' id='word_1_152' title='bbox 1387 1391 1496 1428; x_wconf 88' lang='lat' dir='ltr'>cuius</span> <span class='ocrx_word' id='word_1_153' title='bbox 1541 1402 1681 1429; x_wconf 91' lang='lat' dir='ltr'>nomen</span> 
     </span>
     <span class='ocr_line' id='line_1_19' title="bbox 169 1451 1680 1500; baseline 0.001 -10"><span class='ocrx_word' id='word_1_154' title='bbox 169 1451 376 1490; x_wconf 89' lang='lat' dir='ltr'>evanidum</span> <span class='ocrx_word' id='word_1_155' title='bbox 413 1455 483 1490; x_wconf 89' lang='lat' dir='ltr'>est.</span> <span class='ocrx_word' id='word_1_156' title='bbox 537 1451 714 1490; x_wconf 91' lang='lat' dir='ltr'>Indidem</span> <span class='ocrx_word' id='word_1_157' title='bbox 751 1451 933 1490; x_wconf 89' lang='lat' dir='ltr'>discimus</span> <span class='ocrx_word' id='word_1_158' title='bbox 961 1452 1254 1490; x_wconf 86' lang='lat' dir='ltr'>Atheniensium</span> <span class='ocrx_word' id='word_1_159' title='bbox 1289 1453 1578 1500; x_wconf 87' lang='lat' dir='ltr'>magistratibus</span> <span class='ocrx_word' id='word_1_160' title='bbox 1614 1453 1680 1492; x_wconf 91' lang='lat' dir='ltr'>ad·</span> 
     </span>
     <span class='ocr_line' id='line_1_20' title="bbox 170 1514 1678 1565; baseline 0.002 -13"><span class='ocrx_word' id='word_1_161' title='bbox 170 1515 322 1554; x_wconf 90' lang='lat' dir='ltr'>iunctos</span> <span class='ocrx_word' id='word_1_162' title='bbox 351 1527 436 1554; x_wconf 90' lang='lat' dir='ltr'>esse</span> <span class='ocrx_word' id='word_1_163' title='bbox 464 1514 700 1553; x_wconf 88' lang='lat' dir='ltr'>Andriorum</span> <span class='ocrx_word' id='word_1_164' title='bbox 728 1515 1019 1564; x_wconf 83' lang='lat' dir='ltr'>amphictyones</span> <span class='ocrx_word' id='word_1_165' title='bbox 1049 1516 1231 1564; x_wconf 90' lang='lat' dir='ltr'>quinque.</span> <span class='ocrx_word' id='word_1_166' title='bbox 1242 1515 1303 1562; x_wconf 83' lang='lat'>1⁹).</span> <span class='ocrx_word' id='word_1_167' title='bbox 1350 1516 1404 1556; x_wconf 86' lang='lat' dir='ltr'>Ut</span> <span class='ocrx_word' id='word_1_168' title='bbox 1431 1528 1511 1555; x_wconf 87' lang='lat' dir='ltr'>rem</span> <span class='ocrx_word' id='word_1_169' title='bbox 1540 1518 1678 1565; x_wconf 88' lang='lat' dir='ltr'>paucis</span> 
     </span>
     <span class='ocr_line' id='line_1_21' title="bbox 165 1577 1677 1628; baseline 0.001 -12"><span class='ocrx_word' id='word_1_170' title='bbox 165 1577 376 1626; x_wconf 89' lang='lat' dir='ltr'>absolvam,</span> <span class='ocrx_word' id='word_1_171' title='bbox 404 1578 530 1617; x_wconf 88' lang='lat' dir='ltr'>tribus</span> <span class='ocrx_word' id='word_1_172' title='bbox 557 1579 692 1627; x_wconf 88' lang='lat' dir='ltr'>primis</span> <span class='ocrx_word' id='word_1_173' title='bbox 722 1578 833 1616; x_wconf 89' lang='lat' dir='ltr'>annis</span> <span class='ocrx_word' id='word_1_174' title='bbox 861 1578 1034 1616; x_wconf 89' lang='lat' dir='ltr'>videmus</span> <span class='ocrx_word' id='word_1_175' title='bbox 1065 1578 1200 1616; x_wconf 88' lang='lat' dir='ltr'>eadem</span> <span class='ocrx_word' id='word_1_176' title='bbox 1228 1580 1392 1626; x_wconf 87' lang='lat' dir='ltr'>ratione,</span> <span class='ocrx_word' id='word_1_177' title='bbox 1429 1591 1506 1627; x_wconf 90' lang='lat' dir='ltr'>qua</span> <span class='ocrx_word' id='word_1_178' title='bbox 1532 1581 1677 1628; x_wconf 88' lang='lat' dir='ltr'>prioris</span> 
     </span>
     <span class='ocr_line' id='line_1_22' title="bbox 166 1641 1676 1691; baseline 0.001 -11"><span class='ocrx_word' id='word_1_179' title='bbox 166 1641 462 1681; x_wconf 91' lang='lat' dir='ltr'>Atheniensium</span> <span class='ocrx_word' id='word_1_180' title='bbox 490 1642 764 1682; x_wconf 90' lang='lat' dir='ltr'>dominationis</span> <span class='ocrx_word' id='word_1_181' title='bbox 792 1645 985 1690; x_wconf 89' lang='lat' dir='ltr'>tempore,</span> <span class='ocrx_word' id='word_1_182' title='bbox 1019 1642 1221 1691; x_wconf 87' lang='lat' dir='ltr'>collegium</span> <span class='ocrx_word' id='word_1_183' title='bbox 1249 1642 1562 1691; x_wconf 72' lang='lat' dir='ltr'>amphictyonum</span> <span class='ocrx_word' id='word_1_184' title='bbox 1590 1654 1676 1682; x_wconf 86' lang='lat' dir='ltr'>esse</span> 
     </span>
    </p>
   </div>
   <div class='ocr_carea' id='block_1_3' title="bbox 161 1740 436 1750">
    <p class='ocr_par' dir='ltr' id='par_1_3' title="bbox 161 1740 436 1750">
     <span class='ocr_line' id='line_1_23' title="bbox 161 1740 436 1750; baseline 0 0"><span class='ocrx_word' id='word_1_185' title='bbox 161 1740 436 1750; x_wconf 95' lang='lat' dir='ltr'> </span> 
     </span>
    </p>
   </div>
   <div class='ocr_carea' id='block_1_4' title="bbox 156 1806 1675 2771">
    <p class='ocr_par' dir='ltr' id='par_1_4' title="bbox 159 1806 1675 2023">
     <span class='ocr_line' id='line_1_24' title="bbox 255 1806 1674 1852; baseline 0 -10"><span class='ocrx_word' id='word_1_186' title='bbox 255 1806 300 1852; x_wconf 75' lang='lat'>1⁵)</span> <span class='ocrx_word' id='word_1_187' title='bbox 326 1806 408 1842; x_wconf 86' lang='lat' dir='ltr'>c.1.</span> <span class='ocrx_word' id='word_1_188' title='bbox 427 1806 471 1841; x_wconf 92' lang='lat' dir='ltr'>A.</span> <span class='ocrx_word' id='word_1_189' title='bbox 497 1806 544 1851; x_wconf 92' lang='lat' dir='ltr'>H,</span> <span class='ocrx_word' id='word_1_190' title='bbox 568 1808 648 1851; x_wconf 89' lang='lat'>814,</span> <span class='ocrx_word' id='word_1_191' title='bbox 679 1815 701 1840; x_wconf 85' lang='lat' dir='ltr'>a</span> <span class='ocrx_word' id='word_1_192' title='bbox 725 1810 829 1851; x_wconf 88' lang='lat' dir='ltr'>parte</span> <span class='ocrx_word' id='word_1_193' title='bbox 856 1806 976 1841; x_wconf 88' lang='lat' dir='ltr'>antica</span> <span class='ocrx_word' id='word_1_194' title='bbox 1001 1810 1037 1841; x_wconf 88' lang='lat' dir='ltr'>et</span> <span class='ocrx_word' id='word_1_195' title='bbox 1062 1806 1203 1851; x_wconf 87' lang='lat' dir='ltr'>postica</span> <span class='ocrx_word' id='word_1_196' title='bbox 1227 1807 1424 1852; x_wconf 86' lang='lat' dir='ltr'>inscriptus</span> <span class='ocrx_word' id='word_1_197' title='bbox 1451 1808 1505 1852; x_wconf 89' lang='lat'>(=</span> <span class='ocrx_word' id='word_1_198' title='bbox 1532 1808 1568 1842; x_wconf 89' lang='lat' dir='ltr'>C.</span> <span class='ocrx_word' id='word_1_199' title='bbox 1586 1807 1612 1842; x_wconf 94' lang='grc' dir='ltr'>Ι.</span> <span class='ocrx_word' id='word_1_200' title='bbox 1635 1807 1674 1842; x_wconf 89' lang='lat' dir='ltr'>G.</span> 
     </span>
     <span class='ocr_line' id='line_1_25' title="bbox 163 1862 1675 1909; baseline 0.001 -10"><span class='ocrx_word' id='word_1_201' title='bbox 163 1867 228 1900; x_wconf 89' lang='lat'>158</span> <span class='ocrx_word' id='word_1_202' title='bbox 253 1879 297 1894; x_wconf 91' lang='lat'><strong><em>=</em></strong></span> <span class='ocrx_word' id='word_1_203' title='bbox 322 1863 483 1900; x_wconf 87' lang='lat' dir='ltr'>Dittenb.</span> <span class='ocrx_word' id='word_1_204' title='bbox 510 1863 595 1909; x_wconf 82' lang='lat' dir='ltr'>Syll.</span> <span class='ocrx_word' id='word_1_205' title='bbox 621 1863 731 1898; x_wconf 88' lang='lat' dir='ltr'>Inscr.</span> <span class='ocrx_word' id='word_1_206' title='bbox 759 1862 886 1898; x_wconf 87' lang='lat' dir='ltr'>Graec.</span> <span class='ocrx_word' id='word_1_207' title='bbox 912 1863 989 1908; x_wconf 89' lang='lat'>70);</span> <span class='ocrx_word' id='word_1_208' title='bbox 1022 1863 1306 1908; x_wconf 85' lang='lat' dir='ltr'>locupletissimo</span> <span class='ocrx_word' id='word_1_209' title='bbox 1339 1865 1595 1900; x_wconf 88' lang='lat' dir='ltr'>commentario</span> <span class='ocrx_word' id='word_1_210' title='bbox 1621 1871 1675 1900; x_wconf 88' lang='lat' dir='ltr'>est</span> 
     </span>
     <span class='ocr_line' id='line_1_26' title="bbox 160 1920 1673 1967; baseline 0.001 -10"><span class='ocrx_word' id='word_1_211' title='bbox 160 1921 359 1957; x_wconf 88' lang='lat' dir='ltr'>instructus</span> <span class='ocrx_word' id='word_1_212' title='bbox 383 1931 406 1956; x_wconf 85' lang='lat' dir='ltr'>a</span> <span class='ocrx_word' id='word_1_213' title='bbox 421 1921 623 1957; x_wconf 84' lang='lat' dir='ltr'>Boeckhio:</span> <span class='ocrx_word' id='word_1_214' title='bbox 652 1920 902 1956; x_wconf 87' lang='lat' dir='ltr'>Staatshaush.</span> <span class='ocrx_word' id='word_1_215' title='bbox 929 1920 961 1955; x_wconf 91' lang='lat' dir='ltr'>d.</span> <span class='ocrx_word' id='word_1_216' title='bbox 983 1920 1116 1955; x_wconf 85' lang='lat' dir='ltr'>Athen.</span> <span class='ocrx_word' id='word_1_217' title='bbox 1143 1921 1177 1955; x_wconf 91' lang='lat' dir='ltr'>H</span> <span class='ocrx_word' id='word_1_218' title='bbox 1195 1921 1221 1965; x_wconf 80' lang='lat'>³,</span> <span class='ocrx_word' id='word_1_219' title='bbox 1248 1932 1281 1966; x_wconf 91' lang='lat' dir='ltr'>p.</span> <span class='ocrx_word' id='word_1_220' title='bbox 1300 1924 1344 1958; x_wconf 87' lang='grc'>68</span> <span class='ocrx_word' id='word_1_221' title='bbox 1360 1933 1454 1967; x_wconf 84' lang='lat' dir='ltr'>sqq.;</span> <span class='ocrx_word' id='word_1_222' title='bbox 1480 1923 1673 1959; x_wconf 86' lang='lat' dir='ltr'>frustulum</span> 
     </span>
     <span class='ocr_line' id='line_1_27' title="bbox 159 1978 1188 2023; baseline -0.001 -9"><span class='ocrx_word' id='word_1_223' title='bbox 159 1988 182 2014; x_wconf 78' lang='lat' dir='ltr'>a</span> <span class='ocrx_word' id='word_1_224' title='bbox 206 1978 387 2014; x_wconf 86' lang='lat' dir='ltr'>Koehlero</span> <span class='ocrx_word' id='word_1_225' title='bbox 412 1979 575 2014; x_wconf 88' lang='lat' dir='ltr'>additum</span> <span class='ocrx_word' id='word_1_226' title='bbox 600 1979 827 2023; x_wconf 89' lang='lat' dir='ltr'>designatur:</span> <span class='ocrx_word' id='word_1_227' title='bbox 855 1978 892 2014; x_wconf 87' lang='lat' dir='ltr'>C.</span> <span class='ocrx_word' id='word_1_228' title='bbox 907 1978 934 2014; x_wconf 91' lang='lat' dir='ltr'>I.</span> <span class='ocrx_word' id='word_1_229' title='bbox 949 1979 992 2013; x_wconf 95' lang='lat' dir='ltr'>A.</span> <span class='ocrx_word' id='word_1_230' title='bbox 1018 1978 1065 2023; x_wconf 93' lang='lat' dir='ltr'>II,</span> <span class='ocrx_word' id='word_1_231' title='bbox 1082 1980 1150 2014; x_wconf 84' lang='lat'>814</span> <span class='ocrx_word' id='word_1_232' title='bbox 1160 1980 1188 2005; x_wconf 84' lang='lat' dir='ltr'>b·</span> 
     </span>
    </p>

    <p class='ocr_par' dir='ltr' id='par_1_5' title="bbox 251 2036 634 2082">
     <span class='ocr_line' id='line_1_28' title="bbox 251 2036 634 2082; baseline 0 -10"><span class='ocrx_word' id='word_1_233' title='bbox 251 2036 296 2082; x_wconf 79' lang='lat'>1⁶)</span> <span class='ocrx_word' id='word_1_234' title='bbox 320 2036 486 2072; x_wconf 84' lang='lat' dir='ltr'>Correxit</span> <span class='ocrx_word' id='word_1_235' title='bbox 509 2036 634 2072; x_wconf 91' lang='lat' dir='ltr'>Hicks.</span> 
     </span>
    </p>

    <p class='ocr_par' dir='ltr' id='par_1_6' title="bbox 254 2093 1671 2139">
     <span class='ocr_line' id='line_1_29' title="bbox 254 2093 1671 2139; baseline 0.002 -10"><span class='ocrx_word' id='word_1_236' title='bbox 254 2093 298 2136; x_wconf 88' lang='lat'>1⁷)</span> <span class='ocrx_word' id='word_1_237' title='bbox 325 2093 403 2129; x_wconf 86' lang='lat' dir='ltr'>c.1.</span> <span class='ocrx_word' id='word_1_238' title='bbox 417 2095 462 2129; x_wconf 87' lang='lat' dir='ltr'>A.</span> <span class='ocrx_word' id='word_1_239' title='bbox 487 2094 533 2139; x_wconf 89' lang='grc' dir='ltr'>Π,</span> <span class='ocrx_word' id='word_1_240' title='bbox 558 2096 637 2139; x_wconf 86' lang='lat'>814,</span> <span class='ocrx_word' id='word_1_241' title='bbox 663 2094 723 2129; x_wconf 78' lang='lat' dir='ltr'>lin.</span> <span class='ocrx_word' id='word_1_242' title='bbox 741 2096 865 2129; x_wconf 90' lang='lat'>2—10.</span> <span class='ocrx_word' id='word_1_243' title='bbox 1008 2095 1052 2138; x_wconf 74' lang='lat'>¹8)</span> <span class='ocrx_word' id='word_1_244' title='bbox 1078 2094 1215 2129; x_wconf 85' lang='lat' dir='ltr'>C.1.A.</span> <span class='ocrx_word' id='word_1_245' title='bbox 1239 2094 1286 2137; x_wconf 90' lang='grc' dir='ltr'>Π,</span> <span class='ocrx_word' id='word_1_246' title='bbox 1311 2096 1414 2130; x_wconf 66' lang='grc'>8141)-</span> <span class='ocrx_word' id='word_1_247' title='bbox 1445 2095 1505 2130; x_wconf 77' lang='lat' dir='ltr'>lin.</span> <span class='ocrx_word' id='word_1_248' title='bbox 1528 2099 1671 2132; x_wconf 81' lang='lat'>16—23.</span> 
     </span>
    </p>

    <p class='ocr_par' dir='ltr' id='par_1_7' title="bbox 202 2151 1672 2197">
     <span class='ocr_line' id='line_1_30' title="bbox 202 2151 1672 2197; baseline 0.001 -11"><span class='ocrx_word' id='word_1_249' title='bbox 202 2189 205 2190; x_wconf 16' lang='lat'><em>⁷</em></span> <span class='ocrx_word' id='word_1_250' title='bbox 252 2151 296 2194; x_wconf 83' lang='lat'>¹⁹)</span> <span class='ocrx_word' id='word_1_251' title='bbox 321 2151 439 2196; x_wconf 87' lang='lat' dir='ltr'>Vulgo</span> <span class='ocrx_word' id='word_1_252' title='bbox 465 2155 637 2196; x_wconf 86' lang='lat' dir='ltr'>quattuor</span> <span class='ocrx_word' id='word_1_253' title='bbox 661 2156 802 2187; x_wconf 84' lang='lat' dir='ltr'>tantum</span> <span class='ocrx_word' id='word_1_254' title='bbox 826 2151 937 2187; x_wconf 88' lang='lat' dir='ltr'>fuisse</span> <span class='ocrx_word' id='word_1_255' title='bbox 969 2157 1116 2196; x_wconf 85' lang='lat' dir='ltr'>putant,</span> <span class='ocrx_word' id='word_1_256' title='bbox 1152 2151 1215 2186; x_wconf 88' lang='lat' dir='ltr'>sed</span> <span class='ocrx_word' id='word_1_257' title='bbox 1246 2162 1327 2187; x_wconf 90' lang='lat' dir='ltr'>cum</span> <span class='ocrx_word' id='word_1_258' title='bbox 1358 2152 1396 2187; x_wconf 90' lang='lat' dir='ltr'>in</span> <span class='ocrx_word' id='word_1_259' title='bbox 1428 2152 1548 2197; x_wconf 87' lang='lat' dir='ltr'>lapide</span> <span class='ocrx_word' id='word_1_260' title='bbox 1582 2154 1672 2189; x_wconf 87' lang='lat' dir='ltr'>haec</span> 
     </span>
    </p>

    <p class='ocr_par' dir='ltr' id='par_1_8' title="bbox 156 2207 1671 2771">
     <span class='ocr_line' id='line_1_31' title="bbox 158 2207 1671 2255; baseline 0.001 -10"><span class='ocrx_word' id='word_1_261' title='bbox 158 2212 317 2244; x_wconf 81' lang='lat' dir='ltr'>exstent:</span> <span class='ocrx_word' id='word_1_262' title='bbox 346 2207 529 2254; x_wconf 79' lang='grc' dir='ltr'>Ἀνδρίων·</span> <span class='ocrx_word' id='word_1_263' title='bbox 558 2209 728 2254; x_wconf 78' lang='grc' dir='ltr'><em>Δαμάλης</em></span> <span class='ocrx_word' id='word_1_264' title='bbox 751 2208 941 2255; x_wconf 77' lang='grc' dir='ltr'><strong><em>Δὰμάλο[ς</em></strong></span> <span class='ocrx_word' id='word_1_265' title='bbox 972 2229 1013 2234; x_wconf 94' lang='grc'>-</span> <span class='ocrx_word' id='word_1_266' title='bbox 1046 2209 1178 2244; x_wconf 87' lang='lat' dir='ltr'>lacuna</span> <span class='ocrx_word' id='word_1_267' title='bbox 1202 2208 1329 2253; x_wconf 86' lang='lat' dir='ltr'>viginti</span> <span class='ocrx_word' id='word_1_268' title='bbox 1356 2209 1508 2245; x_wconf 90' lang='lat' dir='ltr'>duarum</span> <span class='ocrx_word' id='word_1_269' title='bbox 1533 2211 1671 2246; x_wconf 84' lang='lat' dir='ltr'>littera·</span> 
     </span>
     <span class='ocr_line' id='line_1_32' title="bbox 157 2264 1670 2313; baseline 0.002 -12"><span class='ocrx_word' id='word_1_270' title='bbox 157 2276 238 2301; x_wconf 86' lang='lat' dir='ltr'>rum</span> <span class='ocrx_word' id='word_1_271' title='bbox 266 2286 311 2292; x_wconf 94' lang='lat'>—</span> <span class='ocrx_word' id='word_1_272' title='bbox 341 2265 642 2311; x_wconf 77' lang='grc' dir='ltr'>Λε]ωγορίδο(υ),</span> <span class='ocrx_word' id='word_1_273' title='bbox 680 2266 858 2313; x_wconf 52' lang='lat' dir='ltr'>&amp;eorsum</span> <span class='ocrx_word' id='word_1_274' title='bbox 878 2265 1158 2311; x_wconf 64' lang='grc' dir='ltr'>Ἂνδροκρίτοψ)</span> <span class='ocrx_word' id='word_1_275' title='bbox 1186 2264 1238 2300; x_wconf 86' lang='grc' dir='ltr'>Με</span> <span class='ocrx_word' id='word_1_276' title='bbox 1258 2287 1294 2291; x_wconf 92' lang='lat'>—-</span> <span class='ocrx_word' id='word_1_277' title='bbox 1311 2286 1353 2292; x_wconf 93' lang='lat'><strong>—</strong></span> <span class='ocrx_word' id='word_1_278' title='bbox 1374 2287 1409 2291; x_wconf 80' lang='grc'>-</span> <span class='ocrx_word' id='word_1_279' title='bbox 1428 2288 1490 2312; x_wconf 91' lang='lat'>—,</span> <span class='ocrx_word' id='word_1_280' title='bbox 1522 2278 1670 2304; x_wconf 84' lang='lat' dir='ltr'>necesse</span> 
     </span>
     <span class='ocr_line' id='line_1_33' title="bbox 158 2323 1669 2370; baseline 0.001 -11"><span class='ocrx_word' id='word_1_281' title='bbox 158 2327 214 2359; x_wconf 81' lang='lat' dir='ltr'>est</span> <span class='ocrx_word' id='word_1_282' title='bbox 239 2328 322 2369; x_wconf 87' lang='lat' dir='ltr'>post</span> <span class='ocrx_word' id='word_1_283' title='bbox 347 2323 540 2366; x_wconf 83' lang='grc' dir='ltr'><em>Δαμάλους</em></span> <span class='ocrx_word' id='word_1_284' title='bbox 572 2334 695 2359; x_wconf 90' lang='lat' dir='ltr'>vocem</span> <span class='ocrx_word' id='word_1_285' title='bbox 727 2329 872 2369; x_wconf 83' lang='lat' dir='ltr'>praeter</span> <span class='ocrx_word' id='word_1_286' title='bbox 903 2324 1166 2370; x_wconf 84' lang='lat' dir='ltr'>amphictyonis</span> <span class='ocrx_word' id='word_1_287' title='bbox 1199 2324 1315 2369; x_wconf 88' lang='lat' dir='ltr'>illius,</span> <span class='ocrx_word' id='word_1_288' title='bbox 1351 2325 1412 2370; x_wconf 93' lang='lat' dir='ltr'>qui</span> <span class='ocrx_word' id='word_1_289' title='bbox 1445 2325 1669 2370; x_wconf 88' lang='lat' dir='ltr'>Leogoridae</span> 
     </span>
     <span class='ocr_line' id='line_1_34' title="bbox 156 2380 1668 2427; baseline 0.002 -11"><span class='ocrx_word' id='word_1_290' title='bbox 156 2380 226 2416; x_wconf 87' lang='lat' dir='ltr'>fuit</span> <span class='ocrx_word' id='word_1_291' title='bbox 250 2380 364 2427; x_wconf 91' lang='lat' dir='ltr'>filius,</span> <span class='ocrx_word' id='word_1_292' title='bbox 395 2391 535 2427; x_wconf 90' lang='lat' dir='ltr'>nomen,</span> <span class='ocrx_word' id='word_1_293' title='bbox 561 2381 695 2427; x_wconf 90' lang='lat' dir='ltr'>quippe</span> <span class='ocrx_word' id='word_1_294' title='bbox 722 2381 816 2426; x_wconf 92' lang='lat' dir='ltr'>quod</span> <span class='ocrx_word' id='word_1_295' title='bbox 842 2381 939 2417; x_wconf 92' lang='lat' dir='ltr'>nullo</span> <span class='ocrx_word' id='word_1_296' title='bbox 971 2381 1075 2417; x_wconf 90' lang='lat' dir='ltr'>modo</span> <span class='ocrx_word' id='word_1_297' title='bbox 1102 2387 1238 2417; x_wconf 86' lang='lat' dir='ltr'>tantam</span> <span class='ocrx_word' id='word_1_298' title='bbox 1265 2382 1431 2417; x_wconf 85' lang='lat' dir='ltr'>lacunam</span> <span class='ocrx_word' id='word_1_299' title='bbox 1463 2383 1577 2418; x_wconf 88' lang='lat' dir='ltr'>solum</span> <span class='ocrx_word' id='word_1_300' title='bbox 1610 2395 1668 2419; x_wconf 84' lang='lat' dir='ltr'>ex-</span> 
     </span>
     <span class='ocr_line' id='line_1_35' title="bbox 156 2438 1668 2486; baseline 0.003 -14"><span class='ocrx_word' id='word_1_301' title='bbox 156 2438 256 2482; x_wconf 87' lang='lat' dir='ltr'>plere</span> <span class='ocrx_word' id='word_1_302' title='bbox 281 2438 457 2484; x_wconf 89' lang='lat' dir='ltr'>potuerit,</span> <span class='ocrx_word' id='word_1_303' title='bbox 491 2439 668 2474; x_wconf 86' lang='lat' dir='ltr'>excidisse</span> <span class='ocrx_word' id='word_1_304' title='bbox 702 2443 903 2474; x_wconf 83' lang='lat' dir='ltr'>statuamus</span> <span class='ocrx_word' id='word_1_305' title='bbox 929 2439 1022 2474; x_wconf 85' lang='lat' dir='ltr'>alius</span> <span class='ocrx_word' id='word_1_306' title='bbox 1054 2439 1142 2474; x_wconf 87' lang='lat' dir='ltr'>civis</span> <span class='ocrx_word' id='word_1_307' title='bbox 1171 2439 1301 2474; x_wconf 86' lang='lat' dir='ltr'>Andrii</span> <span class='ocrx_word' id='word_1_308' title='bbox 1331 2446 1364 2475; x_wconf 84' lang='lat' dir='ltr'>et</span> <span class='ocrx_word' id='word_1_309' title='bbox 1393 2441 1578 2486; x_wconf 88' lang='lat' dir='ltr'>proprium</span> <span class='ocrx_word' id='word_1_310' title='bbox 1608 2453 1668 2477; x_wconf 84' lang='lat' dir='ltr'>no-</span> 
     </span>
     <span class='ocr_line' id='line_1_36' title="bbox 156 2497 1668 2542; baseline 0.003 -12"><span class='ocrx_word' id='word_1_311' title='bbox 156 2506 238 2531; x_wconf 88' lang='lat' dir='ltr'>men</span> <span class='ocrx_word' id='word_1_312' title='bbox 263 2501 299 2531; x_wconf 86' lang='lat' dir='ltr'>et</span> <span class='ocrx_word' id='word_1_313' title='bbox 323 2500 529 2541; x_wconf 83' lang='lat' dir='ltr'>paternum:</span> <span class='ocrx_word' id='word_1_314' title='bbox 556 2506 648 2541; x_wconf 84' lang='lat' dir='ltr'>quae</span> <span class='ocrx_word' id='word_1_315' title='bbox 674 2497 704 2532; x_wconf 88' lang='lat' dir='ltr'>si</span> <span class='ocrx_word' id='word_1_316' title='bbox 729 2507 800 2531; x_wconf 88' lang='lat' dir='ltr'>non</span> <span class='ocrx_word' id='word_1_317' title='bbox 825 2497 988 2540; x_wconf 84' lang='lat' dir='ltr'>longiora</span> <span class='ocrx_word' id='word_1_318' title='bbox 1013 2497 1124 2532; x_wconf 87' lang='lat' dir='ltr'>fuisse</span> <span class='ocrx_word' id='word_1_319' title='bbox 1144 2498 1316 2533; x_wconf 89' lang='lat' dir='ltr'>sumimus</span> <span class='ocrx_word' id='word_1_320' title='bbox 1342 2508 1449 2542; x_wconf 88' lang='lat' dir='ltr'>quam</span> <span class='ocrx_word' id='word_1_321' title='bbox 1477 2499 1668 2535; x_wconf 72' lang='lat' dir='ltr'>»Damales</span> 
     </span>
     <span class='ocr_line' id='line_1_37' title="bbox 156 2551 1668 2600; baseline 0.004 -14"><span class='ocrx_word' id='word_1_322' title='bbox 156 2551 361 2596; x_wconf 79' lang='lat' dir='ltr'>Damalis«,</span> <span class='ocrx_word' id='word_1_323' title='bbox 398 2553 687 2597; x_wconf 83' lang='lat' dir='ltr'>quattuordecim</span> <span class='ocrx_word' id='word_1_324' title='bbox 723 2554 924 2589; x_wconf 85' lang='lat' dir='ltr'>litterarum</span> <span class='ocrx_word' id='word_1_325' title='bbox 958 2555 1114 2599; x_wconf 86' lang='lat' dir='ltr'>spatium</span> <span class='ocrx_word' id='word_1_326' title='bbox 1148 2556 1312 2600; x_wconf 82' lang='lat' dir='ltr'>explent,</span> <span class='ocrx_word' id='word_1_327' title='bbox 1349 2562 1428 2591; x_wconf 88' lang='lat' dir='ltr'>octo</span> <span class='ocrx_word' id='word_1_328' title='bbox 1466 2557 1668 2592; x_wconf 80' lang='lat' dir='ltr'>litterarum</span> 
     </span>
     <span class='ocr_line' id='line_1_38' title="bbox 157 2610 1666 2658; baseline 0.003 -13"><span class='ocrx_word' id='word_1_329' title='bbox 157 2610 274 2655; x_wconf 81' lang='lat' dir='ltr'>spatio</span> <span class='ocrx_word' id='word_1_330' title='bbox 306 2611 558 2647; x_wconf 84' lang='lat' dir='ltr'>continebatur</span> <span class='ocrx_word' id='word_1_331' title='bbox 593 2612 692 2647; x_wconf 90' lang='lat' dir='ltr'>tertii</span> <span class='ocrx_word' id='word_1_332' title='bbox 724 2612 987 2657; x_wconf 80' lang='lat' dir='ltr'>amphictyonis</span> <span class='ocrx_word' id='word_1_333' title='bbox 1019 2623 1147 2648; x_wconf 90' lang='lat' dir='ltr'>nomen</span> <span class='ocrx_word' id='word_1_334' title='bbox 1180 2613 1384 2658; x_wconf 87' lang='lat' dir='ltr'>proprium,</span> <span class='ocrx_word' id='word_1_335' title='bbox 1417 2620 1566 2657; x_wconf 80' lang='lat' dir='ltr'>quartus</span> <span class='ocrx_word' id='word_1_336' title='bbox 1599 2614 1666 2649; x_wconf 90' lang='lat' dir='ltr'>fuit</span> 
     </span>
     <span class='ocr_line' id='line_1_39' title="bbox 156 2667 1665 2715; baseline 0.002 -11"><span class='ocrx_word' id='word_1_337' title='bbox 156 2671 233 2703; x_wconf 86' lang='lat' dir='ltr'>tum</span> <span class='ocrx_word' id='word_1_338' title='bbox 249 2667 440 2705; x_wconf 81' lang='lat' dir='ltr'>Tbeoteles</span> <span class='ocrx_word' id='word_1_339' title='bbox 457 2668 665 2705; x_wconf 86' lang='lat' dir='ltr'>Androcriti</span> <span class='ocrx_word' id='word_1_340' title='bbox 690 2669 726 2715; x_wconf 89' lang='lat' dir='ltr'>f.,</span> <span class='ocrx_word' id='word_1_341' title='bbox 751 2669 867 2714; x_wconf 85' lang='lat' dir='ltr'>quinti</span> <span class='ocrx_word' id='word_1_342' title='bbox 892 2680 1021 2706; x_wconf 89' lang='lat' dir='ltr'>nomen</span> <span class='ocrx_word' id='word_1_343' title='bbox 1046 2675 1191 2715; x_wconf 83' lang='lat' dir='ltr'>praeter</span> <span class='ocrx_word' id='word_1_344' title='bbox 1210 2671 1360 2715; x_wconf 81' lang='lat' dir='ltr'>primam</span> <span class='ocrx_word' id='word_1_345' title='bbox 1386 2671 1559 2715; x_wconf 79' lang='lat' dir='ltr'>syllabam</span> <span class='ocrx_word' id='word_1_346' title='bbox 1576 2671 1665 2707; x_wconf 82' lang='lat' dir='ltr'>‘Me&#39;</span> 
     </span>
     <span class='ocr_line' id='line_1_40' title="bbox 156 2725 275 2771; baseline 0 -10"><span class='ocrx_word' id='word_1_347' title='bbox 156 2725 275 2771; x_wconf 83' lang='lat' dir='ltr'>periit.</span> 
     </span>
    </p>
   </div>
  </div>
 </body>
</html>
