1957 3293
886 263 1193 304 —110—

294 392 394 429 euim
425 401 470 427 ex
499 389 602 427 tribu
631 389 795 436 quadam
824 393 903 426 tres
931 389 1174 426 nominantur
1201 388 1473 436 trittyarchi.³)
1520 388 1631 436 Quod
1658 392 1786 428 autem

298 454 525 501 plerumque
545 452 619 490 duo
647 452 891 500 appellantur
911 452 1139 499 trittyarchi,
1160 452 1402 490 statuendum
1433 456 1492 490 est
1518 452 1614 491 duas
1641 456 1789 491 tantum

296 517 469 564 trittyas,
506 516 669 553 fortasse
704 515 862 552 ditiores
897 515 1029 561 tertia,
1065 516 1307 553 consuevisse
1345 515 1416 553 deo
1446 516 1651 564 quotannis
1679 515 1790 554 binas

295 579 447 627 phialas
476 579 616 617 dicare.
659 579 709 616 Et
739 591 784 617 ne
814 580 873 616 cui
903 579 1102 617 offensioni
1131 580 1192 625 sit,
1221 579 1322 627 quod
1351 580 1416 617 illo
1444 579 1528 618 loco
1555 583 1636 618 tres
1663 580 1791 627 tritty-

297 642 403 680 archi
433 643 688 688 nominantur,
718 653 801 679 cuni
831 641 991 679 duarum
1019 646 1165 679 tantum
1193 643 1410 690 trittyarum
1440 641 1507 680 fiat
1534 643 1688 689 mentio,
1715 653 1790 681 non

293 716 381 742 raro
411 705 542 743 eadem
573 705 795 743 condicione
824 716 921 742 unus
951 704 1210 743 tantummodo
1239 705 1470 752 appellatur,
1505 717 1575 753 pro
1604 709 1786 753 certoque

295 768 428 806 haberi
450 773 577 816 potest
598 769 767 816 singulos
788 769 992 816 quotannis
1020 767 1266 815 trittyarclios
1295 779 1318 805 a
1346 767 1504 815 singulis
1532 768 1676 815 trittyis
1705 779 1788 806 esse

295 836 458 878 creatos,
487 843 551 869 eos
577 843 679 877 vero,
708 832 771 879 qui
793 831 1025 877 singularum
1046 830 1247 878 phylarum
1276 831 1419 878 trittyis
1447 836 1666 878 praeerant,
1695 842 1786 879 quo-

295 894 395 931 niam
432 894 546 931 semel
582 895 694 931 etiam
732 894 950 941 trittyarchi
993 893 1072 942 τῆς
1112 892 1261 943 φυλῆς
1295 892 1599 941 appellantur,⁴)
1642 894 1788 932 arctius

291 957 395 994 inter
431 968 470 994 se
506 957 729 995 coniunctos
764 955 881 994 fuisse
915 957 1000 1004 ipsa
1033 956 1200 993 muneris
1229 955 1522 994 administrandi
1550 957 1719 1004 ratione,
1747 961 1792 995 ut

295 1019 387 1057 nihil
423 1021 645 1066 interesset,
674 1023 818 1065 utrum,
849 1025 890 1056 ut
918 1018 1130 1066 assolebat,
1161 1018 1236 1056 duo
1266 1030 1312 1056 ex
1341 1019 1395 1057 eis
1423 1019 1518 1067 ipsis
1546 1019 1708 1068 trittyis,
1738 1019 1787 1058 ad

292 1094 387 1131 quas
408 1082 608 1129 attinebat,
638 1081 871 1129 trittyarchi,
900 1093 948 1120 an
976 1093 1085 1127 unus,
1115 1093 1163 1120 an
1193 1093 1324 1120 omnes
1352 1085 1444 1127 tres,
1472 1081 1511 1120 id
1540 1081 1643 1130 quod
1670 1083 1788 1121 raris·

296 1147 388 1183 sime
418 1144 558 1184 factum
589 1149 658 1191 est,
686 1145 836 1193 phialas
856 1146 894 1182 in
922 1145 1103 1192 templum
1133 1144 1329 1183 adferrent
1348 1145 1640 1194 hieropoeisque
1662 1145 1790 1184 trade-

295 1212 401 1255 rent,
439 1219 462 1245 a
497 1208 635 1256 quibus
672 1219 741 1255 pro
776 1220 817 1245 re
853 1212 943 1246 nata
977 1207 1088 1246 modo
1125 1207 1219 1254 duo,
1257 1207 1368 1246 modo
1404 1219 1540 1256 unum,
1574 1208 1686 1246 modo
1714 1209 1791 1246 tria

297 1273 450 1310 nomina
478 1272 516 1309 in
545 1271 696 1309 tabulas
719 1270 997 1308 referebantur.
1041 1271 1168 1318 Atque
1198 1270 1270 1308 hoc
1297 1271 1388 1308 mihi
1416 1271 1659 1309 verisimilius
1687 1270 1788 1309 vide·

300 1339 363 1373 tur
393 1346 506 1383 quam
540 1334 634 1371 illud
664 1334 758 1372 duas
787 1333 856 1372 has
885 1335 1038 1381 trittyas
1066 1333 1228 1372 arbitrio
1257 1345 1326 1372 suo
1354 1334 1560 1382 quotannis
1587 1334 1646 1372 vel
1674 1345 1788 1371 unum

296 1399 354 1435 vel
390 1398 485 1436 duos
520 1398 580 1435 vel
614 1402 693 1435 tres
731 1408 882 1435 creasse
918 1397 1189 1444 trittyarchos,
1225 1398 1289 1445 qui
1326 1397 1511 1435 ambabus
1539 1397 1652 1434 simul
1679 1408 1790 1445 prae-

295 1465 436 1508 essent,
465 1472 549 1499 cum
580 1462 663 1508 ipso
692 1461 843 1498 nomine
872 1460 1155 1498 demonstretur
1184 1461 1352 1508 singulos
1381 1461 1540 1508 singulis
1561 1458 1789 1508 praefuisse.

295 1525 372 1563 Iam
395 1524 497 1572 quod
518 1524 564 1561 de
585 1535 661 1561 una
681 1523 782 1561 tribu
804 1524 898 1561 satis
924 1524 1039 1561 certis
1069 1524 1302 1571 argumentis
1331 1523 1614 1561 demonstrasse
1645 1522 1790 1570 videor,

292 1587 412 1626 fuisse
433 1599 516 1625 eam
542 1588 581 1625 in
607 1591 685 1624 tres
714 1587 889 1634 regiones
918 1586 1089 1632 divisam,
1118 1597 1194 1624 non
1222 1590 1365 1624 temere
1394 1585 1493 1624 idem
1521 1586 1605 1633 ipso
1634 1586 1790 1633 trittyae

294 1652 445 1689 nomine
482 1649 574 1688 fisus
603 1649 649 1688 de
679 1650 818 1688 ceteris
847 1661 999 1697 quoque
1027 1649 1306 1697 phylis.t1·ibus
1335 1649 1578 1687 statuendum
1606 1652 1720 1697 puto,
1749 1652 1792 1686 ut

291 1719 394 1753 totus
436 1716 633 1762 regionum
670 1714 707 1750 in
747 1713 901 1750 civitate
938 1724 1117 1750 numerus
1157 1711 1272 1750 fuerit
1307 1711 1518 1750 duodecim.
1580 1711 1642 1750 Ad
1676 1722 1787 1760 quem

292 1790 491 1817 numerum
521 1776 821 1815 confirmandum
850 1777 979 1814 nescio
1008 1787 1056 1814 an
1087 1776 1200 1814 etiam
1229 1778 1384 1814 senatus
1413 1775 1452 1813 in
1481 1774 1679 1813 duodecim
1701 1786 1791 1822 pry-

291 1843 418 1880 tanias
456 1845 671 1878 menstruas
706 1839 842 1878 divisio
879 1839 1054 1878 adhiberi
1090 1840 1224 1888 possit.
1289 1838 1462 1878 Omnium
1499 1843 1626 1876 autem
1662 1839 1790 1886 tritty—

291 1917 399 1944 arum
430 1905 528 1943 duae
565 1908 712 1942 tantum
751 1907 856 1941 certa
890 1904 1038 1941 ratione
1068 1902 1180 1941 nobis
1210 1905 1299 1940 sunt
1326 1905 1439 1940 notae
1467 1924 1516 1929 —
1543 1900 1788 1949 Thyestadae

292 1974 328 2007 et
360 1969 616 2016 Ocynidae,⁶)
654 1969 741 2006 illae
776 1969 902 2016 ipsae,
938 1968 984 2006 de
1014 1967 1152 2015 quibus
1190 1967 1264 2005 iam
1293 1978 1411 2015 supra
1438 1965 1556 2004 verba
1583 1964 1675 2012 feci,
1704 1975 1789 2003 cum

292 2033 460 2071 dicerem
482 2032 592 2070 binas
622 2032 828 2080 quotannis
857 2031 1006 2079 phialas
1035 2030 1083 2068 ab
1111 2031 1156 2067 iis
1185 2029 1355 2077 Apollini
1385 2040 1468 2068 esse
1497 2028 1655 2067 dicatas.
1698 2027 1789 2074 Qui-

291 2095 361 2134 bus
385 2095 481 2134 duas
498 2096 594 2134 alias
614 2095 780 2142 adiungo
799 2117 840 2121 -
859 2092 1162 2142 Mapsichidas6)
1183 2097 1220 2131 et
1235 2091 1549 2139 Theandridas,⁷)
1569 2091 1791 2129 dubitanter

291 2159 466 2208 quidem,
501 2170 583 2197 cum
621 2159 715 2197 haec
750 2160 862 2197 etiam
901 2158 1160 2206 phratriarum
1198 2156 1254 2194 vel
1297 2156 1466 2203 gentium
1508 2155 1664 2193 nomina
1705 2165 1790 2192 esse

292 2224 453 2271 possint.
500 2222 595 2269 Pagi
626 2220 767 2271 (δῆμοι)
797 2225 921 2259 utrum
958 2220 1043 2258 Deli
1073 2219 1215 2258 fuerint
1242 2229 1374 2266 necne,
1403 2221 1510 2256 certa
1537 2217 1685 2256 ratione
1714 2215 1790 2254 dici

295 2297 369 2324 non
391 2290 538 2333 potest;
560 2284 626 2323 sed
647 2296 720 2323 non
741 2288 800 2321 est
827 2284 1044 2330 verisimile,
1075 2293 1157 2320 cum
1180 2283 1253 2320 iam
1283 2281 1482 2320 duodecim
1511 2281 1685 2328 regiones
1714 2290 1789 2328 quo

292 2348 404 2387 modo
444 2349 569 2387 insula
597 2353 672 2386 tam
702 2360 821 2396 parva
849 2346 1172 2395 comprehendere
1201 2346 1388 2394 potuerit.
1418 2346 1480 2383 vix
1509 2344 1788 2392 intellegamus.

295 2412 436 2450 Omnes
456 2412 541 2457 hae,
571 2423 665 2460 quas
694 2411 806 2449 modo
835 2411 1039 2459 appellavi,
1067 2410 1234 2447 civitatis
1261 2412 1393 2457 partes
1420 2429 1470 2436 ——
1497 2406 1648 2456 phylae‚
1676 2404 1791 2454 phra-

299 2477 409 2523 triae,
431 2476 588 2523 trittyae
616 2497 665 2503 -
696 2477 776 2514 sine
805 2475 922 2513 dubio
953 2486 1042 2513 suos
1070 2473 1265 2511 habebant
1291 2473 1550 2521 magistratus,
1578 2469 1789 2516 contiones,

380 2618 409 2662 ³)
437 2617 577 2652 Demar.
605 2616 701 2650 arch.
729 2616 796 2649 inv.
824 2615 884 2649 lin.
910 2619 965 2649 55.
1081 2615 1111 2658 ⁴)
1137 2613 1225 2647 lbid.
1251 2613 1312 2647 lin.
1343 2614 1416 2648 127.
1525 2611 1553 2657 ⁵)
1578 2610 1618 2645 In
1645 2610 1788 2646 Demar.

290 2675 386 2711 arch.
414 2675 482 2709 inv.
508 2679 579 2709 tam
606 2684 713 2717 saepe
740 2676 1070 2716 commemorantur,
1096 2675 1135 2705 ut
1154 2670 1251 2705 locos
1276 2669 1435 2714 singulos
1452 2667 1593 2703 adferre
1617 2676 1787 2713 superva-

290 2743 439 2770 caneum
465 2731 521 2766 sit.
621 2732 651 2773 6)
677 2730 818 2765 Demar.
845 2729 941 2764 arch.
967 2729 1035 2763 inv.
1062 2728 1121 2762 lin.
1148 2731 1192 2762 20
1217 2732 1254 2762 et
1282 2730 1355 2762 114.
1454 2726 1484 2770 ⁷)
1509 2725 1599 2761 lbid.
1625 2725 1686 2760 lin.
1715 2727 1788 2761 160.
